2302 3828
521 109 612 116 ›w‹-

192 230 302 290 ‘'pattc
311 267 322 282 ‚
334 256 405 290 quae
417 245 555 290 pertinet
568 239 743 288 specialiter
754 242 793 275 ad
808 241 961 277 homines
971 243 1067 278 indu-

190 282 193 340 }
210 303 311 332 ratos,
322 296 579 330 excaecat08,&c.
610 291 695 324 Nam
708 304 744 324 ex
757 303 845 338 parte
864 294 925 326 Dei
940 295 1064 327 nemini

188 348 192 388 1
209 341 391 389 denegatur
407 344 548 377 omnino
562 340 717 374 auxilium
739 337 897 375 sufficiens
916 347 1065 390 tempore

208 402 400 438 opportuno
413 415 422 430 ,
439 395 470 426 &
484 403 551 424 non
564 389 670 436 posito
683 392 922 437 impedimento
935 404 942 425 :
957 392 1062 425 homo

207 451 315 474 autem
328 442 393 479 est,
412 443 466 487 qui
489 437 598 473 resistit
612 463 621 478 ,
634 444 667 474 &
688 439 722 473 fit
735 452 901 487 impotens
921 442 958 475 ad
981 440 1060 475 silu-

206 499 273 523 tem
286 488 548 537 consequendam
560 513 567 526 .
579 491 655 535 quia
665 489 745 524 vult.
769 493 811 522 Vt
824 488 901 536 saepc
914 489 1061 537 loquitur

207 540 406 588 Augustinus
418 563 427 578 ‚
439 535 611 586 praescrtim
622 539 660 571 de
673 538 894 585 Correptione
905 545 936 574 ὅ(
949 552 1059 587 granc.

212 600 223 621 1
234 600 262 623 2.
272 593 307 624 δε
317 587 460 635 sequent.
484 586 528 621 *Et
548 591 591 620 ita
603 590 698 621 etiam
712 591 743 620 in
759 588 807 621 his
826 601 938 622 verum
950 589 1059 627 habet,

208 650 278 671 non
288 637 386 672 deseri
398 640 416 671 a
429 640 500 672 Deo
511 661 519 675 ‚
533 634 588 670 nili
601 641 677 683 quia
687 641 773 683 prius
784 635 931 672 deserunt
950 641 1057 673 Deum

208 689 300 734 quod
323 686 445 735 semper
467 685 715 733 intelligendum
739 687 782 720 cst
811 688 851 721 de
877 686 1058 721 desertione

208 736 345 774 actuali,
362 742 394 772 ὅ(
406 749 443 770 ex
461 733 680 782 suppositione
698 738 924 786 impedimenti
939 737 1058 772 volun—

208 789 278 833 tarij
296 811 307 826 ,
330 798 399 819 non
420 797 526 818 tamen
548 786 587 818 de
605 783 787 825 desertione
803 788 996 820 omnimoda
1019 800 1055 820 ex

205 847 296 884 parte
306 837 426 873 Dei‚ita
437 847 471 868 vt
487 838 574 868 Deus
588 835 728 868 statuerit
739 835 789 869 vel
801 837 927 883 aliquos
946 837 1055 870 homi-

182 922 184 925 v
206 896 262 918 nes
274 897 340 918 non
353 897 469 918 vocare
480 909 489 923 ‚
501 888 598 917 etiam
620 896 767 932 tempore
779 897 969 933 opportuno
978 912 986 926 ,
1004 885 1054 919 vel

202 936 395 968 noniuuare
409 933 482 967 illos
499 935 538 967 ad
551 947 617 967 non
637 936 835 980 peccandum
848 949 856 974 3
870 939 901 970 δε
913 948 981 968 non
993 948 1052 982 po-

198 983 347 1018 nendum
360 984 646 1031 impedimentum,
658 983 677 1016 fi
690 982 866 1031 iplivelint.
878 986 953 1018 Hoc
965 997 1052 1018 enim

202 1033 307 1067 modo
318 1036 483 1067 neminem
503 1035 591 1067 Deus
605 1037 636 1066 in
655 1032 714 1066 hac
732 1036 797 1067 vita
807 1031 920 1068 deserit
933 1058 941 1072 ‚
954 1046 987 1067 vt
1001 1034 1051 1081 pie

201 1083 362 1117 credimus
373 1107 382 1122 ‚
394 1084 433 1117 de
445 1096 508 1131 qua
520 1086 594 1117 rein
607 1085 708 1117 citato
719 1082 795 1118 loco
803 1085 842 1118 de
854 1086 1051 1124 Poenitentia

199 1129 262 1166 late
275 1133 398 1167 dicrum
408 1133 461 1167 est.

249 1183 360 1216 Tertia
378 1179 551 1217 difficultas
565 1182 608 1216 est
619 1182 658 1217 de
673 1179 858 1218 infidelibus
869 1194 1048 1229 numquam

199 1231 239 1266 ad
255 1230 353 1267 fidem
367 1236 503 1266 vocatis.
530 1232 627 1266 Multi
650 1235 736 1267 enim
759 1229 829 1265 sunt
850 1230 1048 1270 huiusmodi,

199 1280 319 1329 quibus
330 1294 397 1316 non
408 1283 534 1316 videtur
542 1283 631 1316 Deus
642 1279 816 1330 prouidilse
830 1284 965 1316 modum
977 1306 987 1320 ,
997 1279 1048 1315 seu

200 1331 396 1366 ordinariam
410 1334 495 1365 viam
508 1357 516 1369 ,
528 1344 583 1378 per
594 1344 691 1378 quam
704 1330 972 1378 supernaturalem
991 1343 1049 1364 vo—

198 1383 361 1414 cationem
374 1379 546 1415 obtineant
560 1405 569 1420 ,
581 1384 657 1427 quia
674 1393 734 1414 nec
752 1379 807 1427 ipsi
828 1379 957 1427 poffimt
968 1378 997 1413 se
1008 1382 1048 1414 ad

198 1428 285 1464 illam
303 1442 477 1478 praeparare
489 1455 498 1468 ,
510 1443 571 1464 nec
589 1429 782 1464 extrinsecus
802 1428 938 1464 offertur
949 1454 958 1469 ‚
971 1433 1047 1477 quia

197 1477 304 1514 nullus
315 1481 353 1514 ad
366 1493 422 1513 eos
435 1481 624 1527 praedicator
636 1479 743 1514 miffus
755 1480 808 1514 est.
822 1487 891 1523 Qo
900 1479 981 1513 modo
992 1493 1044 1513 au-

195 1539 250 1563 tem
259 1529 618 1579 audientfinepraedtcante?
630 1530 709 1563 Non
719 1530 762 1563 cst
772 1542 851 1577 ergo
861 1529 923 1563 illis
933 1532 1046 1576 proui-

194 1576 366 1614 [avocatio
379 1577 553 1613 secundum
573 1580 771 1613 ordinariam
791 1579 896 1627 legem
909 1592 916 1613 ε
929 1590 961 1611 at
980 1576 1045 1612 sine

194 1632 370 1664 vocatione
380 1625 488 1663 saluari
508 1640 577 1662 non
590 1626 718 1676 poilhnt
730 1641 737 1661 :
751 1641 830 1676 ergo
847 1641 916 1662 non
929 1627 1045 1662 estillis

189 1675 385 1713 sufficienter
394 1676 561 1726 prouisum
573 1679 612 1711 ad
626 1677 768 1711 salutem.

246 1730 284 1762 In
304 1727 365 1762 hac
385 1724 576 1762 difficultate
595 1730 674 1774 variJ
695 1725 766 1761 sunt
791 1725 883 1760 modi
903 1726 1044 1760 dicendi.

35 1815 40 1820 ,
141 1815 145 1818 ,
191 1777 342 1825 Qidam
354 1789 469 1825 putant
479 1801 487 1815 ‚
499 1777 562 1810 hos
574 1788 689 1810 omnes
702 1788 884 1822 numquam
902 1779 1044 1823 recipere

34 1812 162 1873 fflffi‘ssssf
189 1824 460 1874 supernaturalem
473 1828 696 1867 vocationem,
706 1823 1041 1859 velilluminationem

35 1881 105 1919 modi
119 1880 156 1904 di·
190 1878 224 1910 in
234 1873 266 1910 se
278 1874 417 1924 ipfiszac
433 1876 575 1923 proinde
590 1873 666 1909 illos
685 1886 802 1908 omnes
821 1872 1042 1909 consideratos

34 1914 114 1939 “¹²⁶²
191 1927 225 1959 in
239 1924 422 1974 particulari
432 1936 507 1971 qum
528 1926 764 1970 circunstantijs
782 1923 1040 1963 occurrentibus,

190 1975 320 2009 credere
326 1986 396 2008 non
406 1972 507 2022 poffe,
514 1985 648 2023 propter
662 1974 917 2022 impedimenta:
929 1973 1041 2008 Nihil-

192 2027 325 2060 ominus
346 2036 456 2058 tamen
470 2047 483 2062 ‚
505 2025 612 2058 Deum
646 2023 853 2058 antecedenti
873 2022 1042 2059 voluntate

134 2095 143 2113 t
191 2071 326 2108 voluisse
337 2075 612 2108 omniumeorum
622 2070 809 2111 saluteiru&
820 2084 881 2119 pro
893 2070 956 2107 illis
965 2085 1040 2120 pro-

192 2122 303 2157 uidisse
314 2123 454 2157 remedia
473 2121 651 2170 generalia,
664 2126 698 2156 &
714 2133 770 2169 per
789 2119 820 2155 se
836 2117 1037 2156 sufficientia:

191 2173 294 2221 Qod
305 2172 326 2206 si
336 2170 464 2206 fortasse
474 2175 507 2204 in
521 2170 703 2218 particulari
723 2170 791 2204 haec
806 2169 958 2218 applicari
970 2183 1038 2205 non

188 2216 318 2268 possunt
338 2246 348 2260 ,
362 2233 434 2255 vnon
458 2231 586 2254 tenetur
606 2222 695 2254 Deus
721 2217 915 2254 miraculoso
934 2220 1038 2254 modo

185 2268 378 2305 subuenire:
398 2268 471 2304 esset
489 2280 596 2304 autem
611 2267 802 2303 miraculum
817 2293 826 2308 ‚
843 2267 866 2302 fi
886 2268 936 2302 vel
958 2267 1038 2304 fides

184 2319 378 2355 reuelaretur
389 2318 454 2354 fine
463 2319 642 2354 ministerio
653 2318 943 2357 hominis,dicente
955 2320 1037 2354 Pau-

183 2369 217 2404 lo
227 2370 266 2404 ad
286 2371 445 2404 Rom.10.
472 2368 624 2415 Qomodo
640 2368 757 2403 audient
767 2393 775 2405 ‚
778 2369 841 2417 fine
856 2368 1036 2418 praedicante?

186 2419 245 2453 Vel
255 2417 275 2453 fi
290 2419 393 2453 homo
402 2419 517 2465 aliquis
527 2419 782 2453 extraordinario
792 2443 801 2458 ,
814 2422 847 2454 δε
859 2418 1035 2453 miraculo-

182 2466 216 2502 so
229 2468 331 2502 modo
345 2468 419 2502 illuc
429 2470 667 2515 perduceretur.
687 2471 774 2515 Qae
791 2466 948 2502 sententia
959 2467 1034 2502 fun-

182 2518 250 2551 dari
262 2518 366 2565 potest
385 2520 417 2550 in
431 2518 563 2564 August.
575 2530 606 2559 4.
619 2529 732 2551 contra
745 2516 861 2552 Iulian.
879 2530 947 2565 cap.
960 2519 990 2553 8.
1001 2523 1034 2554 ὃς

183 2567 253 2614 alijs
265 2567 358 2605 locis,
369 2569 401 2600 in
415 2565 534 2613 quibus
546 2568 656 2614 quoad
667 2566 732 2601 hoc
750 2569 922 2614 negotium
932 2571 1034 2613 aequi-

184 2628 272 2665 parat
283 2614 433 2663 paruulos
444 2639 452 2653 ,
464 2620 497 2649 δέ
519 2615 667 2654 adultos,
679 2615 804 2650 constat
821 2628 928 2650 aurem
950 2616 1032 2651 mul-

184 2678 224 2699 tis
235 2663 375 2713 paruulis
394 2676 462 2698 non
482 2663 572 2698 aliter
590 2663 764 2712 prouidisse
777 2666 885 2698 Deum
897 2689 906 2703 ,
919 2676 952 2698 vt
963 2678 1035 2714 cap.

183 2715 247 2762 [eq.
262 2713 456 2748 videbimus.
467 2713 556 2747 Idem
570 2711 664 2747 sentit
675 2711 816 2759 Prosper.
833 2726 858 2747 1.
871 2714 1034 2750 devocat.

184 2764 456 2810 Gentil.capit.13.
470 2767 503 2798 &
514 2761 585 2798 libr.
601 2775 628 2796 2.
642 2774 697 2810 per
710 2761 810 2796 multa
818 2764 934 2810 capita.
964 2764 1037 2799 Nec

183 2812 325 2848 diffentit
338 2811 771 2859 D.Thom.z.2.q.z.arr.5.ad
786 2824 807 2845 i.
819 2812 896 2845 dum
909 2814 966 2851 ait,
976 2813 1031 2848 ali-

182 2877 268 2912 quos
277 2865 394 2911 priuari
404 2860 525 2896 auxilio
539 2860 589 2895 seu
602 2863 777 2894 vocatione
787 2861 826 2894 ad
837 2859 948 2900 fidem,
959 2875 1034 2909 pro-

182 2926 252 2963 pter
274 2914 545 2961 impedimentum
565 2913 687 2958 peccati
702 2915 756 2950 ,&
775 2911 938 2944 interdum
958 2924 1034 2959 pro.

182 2975 252 3011 pter
263 2960 366 2996 solum
380 2960 548 3009 originale.
572 2962 672 2995 Ratio
683 2960 824 3007 denique
837 2960 880 2993 est
893 2984 902 2998 ,
913 2963 988 3006 quia
997 2974 1035 2995 ex

180 3011 385 3061 generalibus
395 3009 620 3045 locutionibus
633 3010 803 3056 Scripturae
815 3035 822 3047 ‚
834 3009 1033 3044 Deusillumi-

181 3073 233 3098 nat
247 3075 357 3096 omnem
375 3062 532 3098 hominem,
552 3063 584 3094 &
605 3058 762 3093 similibus
775 3083 784 3097 ,
803 3070 873 3092 non
894 3059 1033 3106 amplius

182 3110 348 3160 colligitur
360 3136 368 3150 ‚
380 3123 477 3158 quam
497 3109 588 3157 quod
601 3111 689 3143 Deus
707 3121 763 3157 per
773 3107 938 3156 generales
957 3121 1029 3144 cau-

183 3160 228 3196 sas
245 3164 277 3195 id
298 3161 418 3208 prae‘ssnet
437 3157 605 3193 omnibus.
626 3158 723 3193 Vnde
738 3168 804 3192 tam
821 3158 860 3192 de
879 3158 1032 3205 paruulis,

183 3211 279 3258 quam
290 3212 329 3245 de
339 3209 455 3244 adultis
465 3207 693 3256 intelliguntur
704 3232 713 3247 ,
730 3219 766 3241 vt
775 3209 861 3241 circa
878 3206 976 3241 verba
986 3213 1033 3242 ci-

32 3265 141 3290 uum..
184 3271 248 3294 tata
258 3263 385 3294 notauit
398 3259 606 3293 Maldonatus
622 3258 845 3292 Ioann.i.Non
859 3259 1032 3292 inueniun-

183 3300 235 3343 tur
252 3321 359 3344 autem
375 3308 443 3342 aliae
463 3305 692 3357 promiffiones
717 3305 921 3355 specialiores
942 3305 1032 3342 factae

185 3370 244 3407 pro
259 3358 308 3392 his
319 3359 447 3393 adultis.

68 3427 118 3457 ¹4-
231 3408 310 3441 Haec
321 3406 475 3441 sententia
490 3419 556 3440 non
567 3408 716 3440 continet
733 3417 876 3439 errorem
890 3429 898 3443 ‚
913 3418 972 3439 nec
984 3416 1031 3439 re-

32 3463 102 3487 meta
111 3461 153 3486 sen
184 3458 374 3491 meritatem:
388 3456 604 3490 nihilominus
619 3455 699 3489 mihi
712 3467 780 3488 non
791 3453 1029 3501 probatur,tum

33 3502 154 3557 {fg-1¹3¹*
183 3507 261 3552 quia
277 3504 441 3553 Theologi
455 3504 656 3552 Frequentius
669 3503 760 3539 aliter
780 3502 939 3539 sentiunt:
960 3515 1029 3538 tum

183 3557 280 3588 etiam
290 3556 365 3600 quia
375 3554 418 3587 est
429 3557 525 3589 nimis
536 3551 679 3601 rigorosa
691 3567 698 3587 ε
712 3565 786 3586 nam
797 3551 949 3601 scriptura
960 3553 1030 3600 plus

152 3602 340 3652 'fignificat
360 3604 399 3637 de
420 3604 530 3637 diuina
549 3604 755 3650 prouidentia
775 3604 858 3637 circa
877 3602 1030 3640 homines

45 540 139 574 mgufl.

72 1193 123 1217 ¹2.

40 1231 123 1255 Tertia
129 1229 171 1255 dif

39 1263 146 1295 ficuum.

68 1745 119 1778 ¹3·

35 1782 157 1813 variisunt

27 2707 110 2738 Prosper.

29 2770 129 2795 ulnam.

32 2970 109 2996 Ratio.

474 133 589 193 Cap.
617 148 655 189 3.
688 137 860 179 Dentur
879 138 922 180 in
937 134 1319 187 omnibusadultis
1338 143 1479 189 media
1493 141 1760 191 sufficientia.

1088 227 1151 326 i⁸³

1326 229 1329 231 Β
1931 143 2017 209 353

1175 244 1313 282 adultos.
1337 250 1423 283 Nam
1434 262 1507 284 cum
1520 249 1632 299 illiper
1649 255 1801 300 proprios
1811 254 2040 302 atstuspoffiut¹

1173 297 1205 328 ὅ(
1216 293 1325 331 saluati
1338 325 1346 336 ‚
1362 304 1394 333 &
1407 301 1618 334 condemnari
1629 326 1639 340 ,
1654 304 1781 336 videtur
1800 304 1839 335 ad
1850 307 2035 350 prouideir·

1170 346 1246 377 tiam
1259 347 1319 380 [lei
1334 347 1472 395 spectare
1482 376 1490 389 ‚
1505 361 1538 383 vt
1549 362 1618 385 non
1627 363 1753 386 tantum
1766 357 1963 399 generatim,
1975 354 2023 390 sed

1167 404 1262 426 etiam
1278 398 1309 429 in
1322 397 1504 444 particulari
1518 424 1528 438 ,
1539 398 1682 448 fingulos
1695 403 1846 442 adiuuet,
1856 401 1878 436 ss
1891 401 1948 452 ipsi
1960 408 2022 438 irn-

1142 457 1143 475 i
1166 444 1351 487 pcdinieiita
1360 460 1428 480 non
1439 448 1614 493 posuerint.

1215 495 1265 525 Est
1276 508 1355 543 crgo
1368 493 1505 529 secunda
1517 495 1673 532 sententia
1689 499 1831 534 extreme
1844 504 2017 541 contraria,

1164 541 1288 576 nullum
1300 545 1360 577 eisc
1374 545 1544 580 hominem
1558 550 1683 581 ratione
1696 560 1840 584 vtentem
1856 576 1866 590 ,
1877 554 1934 599 qui
1948 565 2015 586 non

1162 590 1338 637 aliquan-lo
1351 594 1552 630 illuminetur
1564 599 1596 630 in
1605 596 1666 630 hac
1678 599 1744 632 vita
1759 623 1766 637 ,
1783 602 1826 633 ita
1838 611 1916 634 vtex
1927 603 1956 634 vi
1969 612 2016 635 ta-

1138 652 1140 688 3
1161 638 1198 671 lis
1216 646 1396 676 vocationis
1418 646 1582 679 interioris
1601 644 1696 692 poffit
1709 670 1718 685 ,
1739 646 1759 681 fi
1781 648 2010 688 velit‚imme-

1137 726 1139 729 ¹
1160 690 1244 722 diat&
1254 692 1381 726 credere
1396 706 1450 740 per
1471 692 1568 727 fidem
1586 693 1795 731 sufficientem
1816 699 1856 732 ad
1869 696 2014 739 salutem,

1137 752 1139 778 ξ
1158 749 1225 785 atq;
1238 743 1319 774 adeo
1331 740 1650 790 stipernaturalem‚ti
1661 758 1698 779 ex
1711 758 1799 793 parte
1811 745 1932 782 obit-<sti
1944 760 2011 782 ma·

1137 781 1139 796 ¹
1158 788 1294 828 terialis,
1306 793 1402 837 quam
1423 791 1580 827 formalis.
1605 795 1692 840 Qae
1710 795 1868 831 sententia
1885 798 2012 832 videtur

1158 833 1235 870 sumi
1249 839 1335 886 porse
1354 854 1391 874 ex
1411 842 1558 876 Patribus
1570 845 1604 876 in
1614 847 1776 893 principio
1791 846 1885 881 huius
1895 849 2009 894 capitis

1154 886 1263 922 relatis
1275 913 1284 927 ‚
1300 890 1421 924 habent
1438 894 1525 926 enim
1547 891 1732 927 locutiones
1745 919 1754 932 ,
1767 908 1837 942 quae
1858 896 2009 930 videntur

1156 934 1221 970 hoc
1237 938 1448 984 probabiliter
1467 940 1606 976 suadere.
1631 944 1670 976 Et
1683 946 1765 977 ratio
1777 945 1821 977 est
1831 969 1840 983 ,
1851 948 1927 992 quia
1938 959 2006 980 non

2085 507 2137 541 15.

1154 996 1311 1034 repugnat
1323 1013 1332 1027 ‚
1345 990 1413 1023 imo
1425 992 1550 1025 Videtur
1569 990 1662 1025 facile
1681 990 1749 1026 fieri
1761 993 1849 1040 poffe
1859 995 2004 1029 ministe-

1154 1037 1203 1067 rio
1217 1036 1430 1084 Angelorum,
1441 1053 1525 1086 quos
1537 1043 1626 1074 Deus
1636 1041 1724 1075 dedit
1733 1043 1881 1077 custodes
1892 1042 2004 1078 talium

1153 1082 1327 1120 hominum
1339 1112 1348 1126 ,
1360 1102 1675 1137 quamtumcumque
1686 1090 1868 1127 infidelium
1880 1116 1890 1131 ‚
1905 1096 1938 1127 in
1951 1107 2003 1128 or-

1151 1134 1227 1167 dine
1247 1137 1285 1169 ad
1304 1135 1674 1174 beatitudinem'eorum
1687 1154 1695 1176 ι
1708 1154 1787 1189 ergo
1806 1144 2005 1178 credendum

1151 1183 1195 1216 est
1207 1186 1250 1218 ira
1260 1183 1339 1219 fieri.
1962 1186 1977 1200 s

1199 1235 1278 1267 Haec
1296 1237 1412 1282 opinio
1427 1249 1490 1282 prae
1509 1235 1539 1271 se
1559 1237 1621 1272 fert
1643 1241 1798 1286 pietatem
1814 1241 2009 1288 quanidarm

1150 1278 1201 1316 sed
1214 1296 1282 1316 non
1295 1287 1398 1331 potest
1409 1284 1535 1320 fundari
1550 1286 1696 1324 saris‚nec
1709 1287 1803 1324 Facile
1815 1292 1999 1340 credi.Sup-

1150 1343 1241 1378 pono
1251 1337 1338 1369 enirn
1352 1359 1361 1373 ,
1375 1333 1472 1368 fidem
1485 1337 1525 1369 de
1542 1336 1653 1383 aliquo
1670 1336 1805 1373 obiecto
1815 1337 1998 1387 supernatu-

1150 1381 1206 1415 rali
1220 1380 1281 1416 esse
1292 1382 1496 1418 necessariam
1515 1386 1554 1418 ad
1567 1384 1711 1421 salutem.
1735 1389 1873 1423 Videtur
1894 1401 2000 1424 autem

1147 1430 1282 1470 clai-nm,
1296 1437 1329 1468 &
1340 1445 1478 1473 certum,
1490 1434 1611 1469 multos
1624 1436 1684 1470 effe
1697 1436 1850 1471 homines
1861 1462 1871 1477 ‚
1883 1438 2001 1485 quibus

1148 1479 1210 1514 tale
1231 1480 1399 1517 obiectum
1420 1487 1453 1517 in
1468 1484 1527 1518 hac
1544 1488 1611 1518 vita
1631 1499 1699 1519 non
1719 1486 1878 1522 reuelatur
1888 1513 1897 1526 ,
1916 1501 1950 1522 vr
1962 1490 2000 1522 de

1147 1529 1257 1565 multis
1277 1532 1468 1568 nationibus
1480 1537 1628 1582 gentium
1642 1540 1675 1571 δε
1697 1537 1861 1584 Scriptura
1878 1536 1997 1586 signifi-

1146 1592 1209 1619 cat,
1220 1585 1253 1616 &
1267 1581 1421 1616 homines
1433 1587 1651 1631 experiuntur.
1664 1585 1737 1619 Nec
1748 1587 1811 1621 dici
1825 1588 2001 1634 potest‚eos

1145 1632 1290 1678 accipere
1311 1631 1408 1665 talem
1428 1632 1663 1668 reuelationcm
1683 1659 1693 1674 ‚
1716 1639 1867 1681 quamuis
1889 1638 1998 1685 postca

1145 1682 1284 1713 omnino
1295 1680 1383 1714 illam
1406 1684 1578 1728 ignorent:
1591 1683 1754 1729 quialicet
1775 1685 1880 1724 homo
1901 1684 1998 1734 poffit

1143 1731 1294 1775 ignorare
1314 1732 1503 1765 interiorem
1529 1733 1668 1767 modum
1695 1735 1851 1781 operandi
1881 1737 1915 1769 in
1935 1733 1997 1770 suis

1143 1777 1286 1818 aeribus,
1302 1777 1435 1817 scilicet,
1451 1793 1491 1814 an
1511 1778 1548 1814 fit
1560 1781 1733 1821 naturalis,
1746 1782 1797 1817 vel
1808 1782 1995 1832 supernatu-

1142 1825 1339 1863 ralisztamen
1349 1827 1478 1864 obieeta
1487 1829 1663 1878 proposita,
1671 1836 1705 1866 δε
1716 1831 1995 1879 apprehensa‚non

1142 1877 1247 1923 potest
1256 1880 1418 1926 ignorare,
1431 1877 1541 1913 saltem
1555 1892 1613 1928 pro
1623 1892 1664 1915 eo
1677 1892 1826 1930 tempore
1837 1905 1846 1919 2
1857 1895 1917 1931 pro
1927 1896 1995 1931 quo

1142 1925 1188 1960 illi
1201 1928 1272 1962 affl:
1285 1931 1622 1977 proponuntur.Vnde
1632 1932 1729 1964 etiam
1745 1932 1848 1979 potest
1859 1931 1912 1967 illa
1924 1945 1993 1967 me·

1142 1978 1248 2011 moria
1268 1981 1406 2012 retinere
1417 2003 1426 2018 ,
1446 1981 1597 2025 quamuis
1618 1978 1716 2013 fidem
1737 1980 1800 2015 illis
1821 1994 1890 2017 non
1900 1979 1991 2016 adhiss

1140 2023 1259 2061 buerit.
1276 2026 1363 2061 Alias
1381 2028 1504 2063 inutilis
1518 2026 1593 2063 effer
1606 2028 1677 2063 talis
1689 2030 1844 2065 reuelatio
1859 2044 1955 2066 :nam
1972 2030 1993 2066 fi

1142 2077 1311 2123 ignoratur
1324 2103 1334 2117 ‚
1344 2089 1457 2124 parum
1470 2101 1482 2117 ,
1493 2088 1548 2111 aut
1566 2077 1648 2112 nihil
1660 2079 1700 2112 ad
1714 2078 1812 2114 fidem
1824 2077 1994 2122 deseruiet,

1140 2123 1314 2172 multoque
1343 2128 1452 2161 minus
1476 2129 1598 2175 poterit
1628 2126 1870 2177 obligationem
1897 2131 1994 2166 indu-

1141 2185 1225 2208 cere.

1189 2222 1253 2270 Alij
1263 2236 1343 2271 ergo
1353 2225 1396 2259 ita
1405 2223 1569 2260 declarant
1579 2224 1664 2260 hanc
1676 2223 1866 2262 sententiam
1878 2239 1931 2262 :vt
1943 2229 1987 2262 di-

1136 2283 1214 2306 cant
1224 2297 1235 2312 ,
1245 2285 1362 2307 omnes
1375 2272 1519 2309 infideles
1539 2278 1680 2323 recipere
1691 2279 1881 2312 interiorem
1894 2291 1992 2312 voca-

1136 2324 1263 2356 tionem
1274 2326 1383 2371 gratiae
1396 2349 1406 2363 ,
1416 2336 1450 2358 vt
1467 2326 1596 2359 credere
1614 2324 1733 2373 poffint
1747 2325 1991 2375 supernaturali-

1138 2369 1311 2410 tet-,saltem
1324 2373 1395 2412 illa,
1405 2387 1477 2421 quae
1488 2375 1527 2408 de
1545 2376 1619 2409 Deo
1637 2374 1825 2411 naturaliter
1837 2375 1991 2425 cognosci

1137 2420 1317 2469 possunt,vr
1329 2424 1437 2457 Deum
1448 2422 1557 2464 effe‚&
1565 2424 1740 2459 colendum
1752 2424 1906 2461 effe.Non
1918 2432 1992 2474 quia

1137 2471 1191 2505 illa
1205 2470 1283 2506 fides
1293 2469 1429 2507 sufficiat
1438 2473 1477 2506 ad
1488 2472 1619 2507 sslutem
1631 2498 1640 2513 ‚
1652 2472 1704 2508 sed
1714 2477 1789 2522 quia
1801 2474 1822 2509 si
1836 2476 1940 2512 homo
1953 2476 1990 2510 il-

1137 2520 1201 2554 lam
1214 2524 1370 2568 receperit
1380 2546 1390 2559 ‚
1402 2534 1458 2568 per
1468 2521 1556 2556 illam
1568 2520 1597 2557 se
1607 2521 1776 2571 disponet,
1789 2537 1824 2559 vt
1837 2527 1876 2559 de
1884 2525 1984 2573 super-

1137 2569 1336 2604 naturalibus
1349 2573 1446 2605 etiam
1459 2570 1598 2607 obiectis
1610 2572 1857 2609 illuminetur&
1870 2573 1909 2608 fic
1921 2587 1988 2608 tan-

1137 2620 1211 2653 dem
1223 2618 1589 2668 iustificetur.Soletque
1600 2622 1667 2656 haec
1681 2626 1796 2670 opinio
1810 2625 1852 2657 D.
1865 2624 1988 2657 Thom.

1135 2667 1256 2707 tribui,
1269 2667 1321 2702 sed
1332 2668 1392 2702 alia
1402 2671 1446 2703 est
1462 2672 1532 2706 eius
1550 2671 1707 2706 sententia
1718 2697 1726 2710 ,
1739 2684 1773 2705 vt
1786 2673 1888 2706 statim
1906 2671 1988 2706 refe-

1136 2730 1214 2752 ram.
1228 2718 1336 2752 Potest
1348 2731 1456 2753 autem
1470 2720 1538 2755 haec
1550 2720 1648 2755 tribui
1661 2720 1831 2768 Prospero,
1843 2720 1899 2754 lib.
1915 2732 1940 2755 1.
1950 2722 1990 2755 de

1137 2770 1313 2801 vocatione
1325 2771 1423 2802 Gent.
1438 2782 1540 2816 cap-5·
1552 2782 1710 2816 quatenus
1723 2772 1803 2803 dicit
1814 2794 1823 2808 ‚
1838 2774 1897 2803 Hos
1910 2774 1989 2816 Gen-

1135 2818 1194 2849 tiles
1211 2818 1331 2864 recepisse
1342 2819 1520 2866 Prophetiam
1530 2833 1608 2852 voces
1623 2846 1629 2855 ‚
1643 2823 1680 2856 φ’
1695 2829 1829 2867 ρναεφπι
1846 2820 1947 2866 legalia
1958 2822 1989 2853 in

1134 2867 1329 2900 elementorum
1339 2865 1464 2913 obfh'quijs
1478 2894 1485 2904 ,
1495 2872 1532 2905 (ῥ’
1542 2868 1704 2912 testimoniis.
1728 2867 1883 2901 Alludens
1897 2869 1936 2902 ad
1950 2868 1986 2902 il-

1135 2913 1189 2947 lud
1201 2913 1289 2948 Pauli
1304 2917 1414 2948 Actor.
1429 2928 1476 2957 14.
1487 2919 1561 2950 Non
1571 2917 1709 2961 emm-sine
1719 2916 1865 2960 testimonio
1877 2919 1988 2964 reliquit

1126 2962 1319 3011 fimetipficm‚
1332 2962 1576 3011 fignificinsque
1587 2990 1595 3003 ‚
1612 2967 1718 2998 Deum
1731 2963 1823 3000 fuiffe
1835 2965 1923 3000 vsurn
1937 2966 1986 3000 his

1133 3015 1286 3046 creaturis
1297 3036 1306 3050 ,
1320 3025 1388 3046 non
1405 3024 1532 3047 tantum
1543 3014 1583 3048 ad
1596 3013 1801 3048 tribuendam
1817 3019 1984 3063 cognitio—

1133 3074 1208 3095 nem
1221 3062 1397 3095 naturalem
1409 3086 1419 3100 ,
1429 3060 1480 3095 sed
1492 3065 1589 3096 etiam
1609 3064 1648 3096 ad
1661 3062 1854 3098 eleuandum
1874 3065 1985 3099 homi-

1132 3123 1207 3145 nem
1219 3111 1258 3144 ad
1272 3113 1500 3158 cognitionem
1522 3109 1793 3158 supernaturalem
1811 3112 1988 3148 earundem¹

1132 3173 1238 3195 rerum
1247 3172 1328 3205 ‚quae
1341 3173 1395 3207 per
1405 3173 1563 3195 creaturas
1575 3160 1728 3209 cognosci
1742 3161 1986 3210 posl'unr.Qo-

1132 3210 1236 3243 modo
1255 3212 1353 3244 etiam
1366 3209 1466 3257 aliqui
1476 3223 1648 3258 exponunt
1662 3224 1730 3259 cap.
1742 3211 1869 3247 secund.
1883 3215 1978 3262 Epist.

1132 3261 1171 3294 ad
1185 3260 1285 3292 Rom.

1184 3310 1225 3341 At
1245 3307 1323 3341 vero
1342 3307 1410 3341 haec
1420 3310 1517 3341 etiam
1531 3306 1686 3344 sententia
1699 3334 1707 3347 ,
1721 3308 1795 3344 licet
1807 3309 1985 3359 probabilis
2060 3322 2110 3354 18,

1132 3354 1260 3391 fortaffe
1272 3355 1308 3390 fit
1322 3381 1330 3395 ‚
1343 3357 1423 3390 mihi
1437 3357 1481 3391 est
1500 3360 1625 3393 creditu
1640 3357 1781 3395 difficilis
1794 3385 1802 3399 ,
1816 3372 1884 3395 tum
1910 3375 1984 3408 quia
2019 3369 2056 3405 {id
2073 3370 2119 3393 huc

1131 3409 1185 3441 vix
1197 3406 1295 3440 credo
1308 3404 1395 3453 poffe
1407 3406 1652 3454 intelligi,quod
1664 3410 1779 3451 aliquis
1791 3410 1935 3444 ele-uetur
1946 3413 1984 3445 ad
2022 3401 2139 3425 ''Cdffla'

1132 3456 1293 3491 credendi}
1304 3455 1585 3501 supernaturaliter
1597 3457 1729 3505 aliquod
1740 3459 1871 3493 obiecti]
1888 3484 1896 3498 ‚
1909 3461 1983 3495 alias

1132 3504 1349 3544 naturalemisi
1358 3508 1489 3553 recipiat
1501 3509 1598 3541 etiam
1607 3507 1747 3543 eiusdem
1758 3508 1879 3542 obiccli
1894 3523 1982 3544 i'cue1

1133 3554 1289 3589 lationem
1300 3552 1619 3602 ssipernaturalEaeuin
1630 3560 1821 3605 etiani,quia
1834 3562 1983 3593 inuenit]-

1132 3615 1183 3640 tur
1193 3603 1287 3639 multi
1298 3604 1650 3655 Gentiles‚qiiipenirns
1662 3611 1853 3655 ignorarunt
1861 3621 1984 3648 01'21113,

2038 1305 2093 1328 Non
2103 1305 2145 1328 ad-

2038 1344 2153 1363 mittitur.

2070 2244 2116 2273 17.

2028 2313 2119 2338 clarant

2028 2378 2141 2404 tentiam,

2019 3442 2067 3457 iata
2077 3442 2128 3458 non

2018 3466 2138 3497 probatur.

1529 3697 1559 3728 G
1621 3708 1633 3737 3
1881 3698 1978 3729 etiam
1993 3716 1997 3722 μ

2029 2279 2110 2312 Aliqui
2121 2280 2152 2304 de

2028 2344 2152 2370 hanci‘en-

2052 546 2160 569 Secunda
2190 554 2195 590 1

2052 577 2162 601 lenietia.
