2302 3828
144 218 149 278 l

132 1172 134 1174 ’
165 1160 253 1212 Αιῐςιζι

129 1275 132 1279 ’
164 1278 264 1303 tiuntus.

347 195 426 269 ³250

347 354 468 388 uendus
488 352 568 385 Ocu.
598 351 722 382 beinde
734 371 743 385 ‚
755 349 830 392 quia
841 343 940 386 mult-a
954 341 1024 376 sunt
1040 344 1157 382 media,

322 414 392 446 quae
410 413 478 434 non
491 411 601 433 natura
613 395 748 435 sua‚sed
759 395 926 429 voluntate
944 393 1006 425 Dei
1023 391 1157 425 inillam

322 449 419 484 finem
433 446 611 482 referuntur
622 472 630 483 ,
641 443 779 485 vt,verbi
793 444 892 491 gratia
903 465 910 477 ,
925 438 1027 474 Paffio
1038 439 1158 474 Christi
1174 476 1179 485 .

323 498 481 533 institutio
495 496 702 532 sacramenti,
716 497 748 528 δε
757 491 957 538 similia,quae
967 487 987 522 si
1001 491 1090 524 Deus
1100 496 1160 523 νο-

324 543 437 583 luisset,
450 543 625 591 potuissent
633 544 670 577 ad
681 540 811 576 salntem
824 551 948 574 tantum
959 538 1156 586 praedestina—

323 606 430 632 torum
446 593 599 627 ordinati.
625 594 788 637 Denique,
799 593 893 636 quia,
905 600 938 622 vt
946 590 983 632 in
992 584 1160 634 superiori-

323 641 383 676 bus
393 644 503 689 tetigi,
514 643 610 675 etiam
622 638 719 688 ipsam
730 638 827 673 fidem
839 664 849 675 .
859 642 892 674 &
902 637 1090 676 charitatem
1102 648 1162 683 po*

323 689 428 726 ruisset
437 692 526 724 Deus
538 690 612 723 dare
630 687 839 727 hominibus,
850 698 884 721 vt
894 687 980 722 reete
991 695 1163 733 operentur

324 743 357 774 in
370 740 431 775 hac
440 742 518 777 vita,
530 737 595 772 sine
602 738 770 773 voluntate
779 737 875 771 dandi
887 735 1023 784 gloriam
1034 756 1046 772 ‚
1057 737 1089 768 &
1101 730 1164 766 sine

325 789 532 824 ordinatione
547 788 587 822 ad
598 787 689 822 illum
701 786 798 821 finem
816 798 854 819 ex
865 796 953 831 parte
963 785 1046 818 Dei:
1058 779 1164 817 neces—

327 836 404 872 saria
414 837 457 871 est
467 849 545 884 ergo
557 834 595 872 ex
612 848 698 885 parte
711 836 774 870 Dei
793 833 846 869 illa
856 832 998 882 specialis
1013 834 1164 866 intentio.

328 889 413 933 Qa:
431 889 463 920 in
475 886 542 922 hoc
558 884 627 934 ipso
642 883 818 920 includitur
829 907 839 923 ,
851 883 941 930 quod
954 884 1047 921 Deus
1059 879 1165 914 voluit

325 938 474 970 ordinare
483 947 630 970 naturam
649 934 824 969 humanam
835 933 869 966 in
879 931 1034 966 omnibus
1043 928 1104 965 suis
1114 932 1164 963 in-

324 985 465 1020 diuiduis
475 985 514 1018 ad
526 979 1040 1032 supernaturalem'beatitudinem
1053 976 1165 1013 conse-

323 1034 626 1081 quendam,neque
644 1032 683 1066 ab
702 1045 739 1066 ea
752 1033 938 1081 intentione
956 1028 1074 1063 destitit
1088 1040 1162 1076 pro-

321 1094 390 1130 pter
401 1094 566 1131 peccatum
579 1083 674 1129 primi
690 1081 834 1114 hominis
845 1077 1081 1128 superueniens.
1093 1117 1096 1122 ‚

369 1135 413 1166 Vt
425 1143 531 1165 aurem
543 1130 596 1174 hic
604 1131 691 1165 notus
703 1129 816 1163 melius
828 1127 1036 1175 intelligatur,
1046 1131 1078 1162 ὅ(
1088 1122 1163 1158 alia-

319 1192 390 1214 rum
409 1182 605 1227 opinionum
627 1178 839 1213 fundamenta
859 1175 1031 1221 'soluantur
1049 1200 1059 1214 ,
1079 1186 1164 1208 non-

321 1227 406 1262 nulla
424 1227 600 1262 dubitanda
617 1226 699 1271 funt.
723 1229 868 1261 Primum
880 1226 992 1266 est,an
1011 1224 1066 1258 hic
1076 1224 1164 1257 alitus

319 1275 356 1311 sit
369 1276 451 1311 liber
462 1300 472 1316 ,
487 1276 538 1311 vel
560 1275 749 1311 necessarius
768 1278 801 1309 in
832 1277 916 1309 Deo.
938 1274 1055 1320 -Aliqui
1076 1275 1163 1309 enim

321 1325 491 1372 Theologi
502 1326 646 1360 indicant
657 1323 717 1359 effe
728 1326 836 1359 airum
849 1321 1055 1358 necessarium
1068 1346 1076 1359 ,
1089 1333 1164 1355 nam

322 1387 359 1409 ex
370 1387 410 1408 eo
422 1373 524 1408 solum
536 1386 648 1421 putant
660 1375 850 1421 ponendum
862 1371 922 1406 effi:
932 1374 964 1405 in
979 1374 1066 1409 Deo,
1076 1369 1166 1416 quod

322 1422 491 1463 beati-tudo
512 1423 658 1456 hominis
679 1420 837 1468 cuiusc'lue
853 1445 863 1459 ,
883 1418 1076 1468 apprehensa
1096 1431 1165 1452 non

282 1510 286 1518 „,
322 1470 425 1506 solum
438 1484 472 1506 vt
484 1469 640 1519 possibilis
653 1495 661 1510 ‚
674 1469 725 1505 sed
735 1473 831 1504 etiam
847 1482 880 1503 vt
890 1469 995 1503 futura
1008 1497 1014 1505 ,
1025 1480 1092 1501 non
1103 1480 1164 1515 po—

323 1521 381 1555 test
391 1519 553 1568 displicere
566 1523 639 1554 Deo
650 1547 658 1561 ,
670 1532 744 1554 cum
757 1518 845 1553 bona
862 1517 896 1552 sit
907 1543 917 1556 ,
927 1531 986 1552 nec
997 1521 1094 1550 etiam
1105 1529 1165 1564 po-

287 1590 292 1595 ·
312 1566 381 1604 'test
393 1569 503 1604 diuina
516 1569 668 1603 voluntas
681 1567 928 1615 mere-negarine
940 1565 970 1600 se
983 1565 1112 1602 habere,
1132 1569 1165 1600 δέ

322 1616 410 1664 quasi
429 1616 571 1666 suspensa
588 1629 730 1654 manere·
744 1619 828 1650 circa
847 1615 909 1649 tale
926 1615 1092 1649 obieffilum
1104 1638 1113 1653 ‚
1132 1625 1166 1647 vt

274 1686 278 1690 ·
315 1665 531 1715 supponunt:
555 1679 634 1712 ergo
654 1663 859 1710 necessarium
881 1666 1022 1705 omnino
1042 1664 1085 1696 est
1103 1686 1113 1701 ‚
1131 1674 1167 1696 vt

260 1713 263 1716 ’
297 1734 301 1735 ⁷
324 1717 412 1750 Deus
424 1715 500 1748 velit
518 1714 580 1747 tale
591 1713 767 1748 obieekum.
793 1715 858 1745 Hic
870 1723 978 1745 auten-1
991 1713 1078 1746 actus
1097 1724 1167 1745 non

297 1761 301 1765 Ὗ
323 1764 426 1810 potest
438 1763 497 1797 esse
510 1787 519 1800 ,
529 1760 588 1796 nisi
602 1760 731 1809 simplex
742 1760 978 1808 complacentia
990 1784 998 1795 ‚
1012 1772 1086 1794 cum
1097 1773 1166 1794 non

324 1810 358 1845 sit
371 1813 460 1845 astus
477 1808 587 1845 efficax
596 1835 606 1849 ,
618 1823 697 1857 ergo
709 1810 752 1843 est
763 1811 851 1844 aetus
872 1807 1061 1843 necessarius
1070 1832 1080 1846 ,
1091 1821 1167 1844 curn

322 1862 411 1895 Deus
422 1859 594 1894 necessario
605 1859 720 1893 habeat
733 1861 960 1907 cognitionem
969 1884 978 1898 ‚
991 1857 1041 1892 seu
1050 1868 1167 1905 reprae-

323 1907 537 1944 sentationem
556 1908 628 1943 talis
646 1907 780 1943 obieffi.
811 1910 963 1954 Sequitur
980 1909 1078 1941 etiam
1098 1907 1166 1942 haec

322 1961 438 2006 opinio
448 1971 484 1992 ex
497 1957 561 1992 alio
583 1958 743 2006 principio
756 1981 763 1994 ‚
777 1959 866 2004 quod
881 1958 969 1991 Deus
982 1956 1050 1990 non
1061 1957 1166 2004 potest

323 2003 442 2042 habere
453 2007 561 2042 astum
579 2006 717 2041 liberum
728 2008 811 2041 circa
822 2005 989 2049 obiectnm
1010 2017 1166 2044 creatum,

323 2054 380 2090 nisi
401 2068 439 2090 ex
457 2059 488 2090 vi
509 2055 579 2091 ralis
598 2058 686 2090 aetus
707 2055 899 2090 immediate
915 2053 1042 2089 resultet
1059 2054 1166 2102 aliqua

318 2107 460 2152 ‘mutatio
470 2108 503 2139 in
516 2105 572 2140 tali
585 2104 740 2139 obieclo:
757 2117 793 2139 ex
806 2104 871 2138 hoc
882 2115 988 2138 autem
1006 2106 1080 2139 aestu
1096 2104 1167 2139 nul-

322 2152 350 2187 la
362 2152 490 2189 resultat
501 2157 639 2189 mutatio
649 2157 681 2188 in
692 2153 824 2188 obiecto
836 2178 845 2193 ,
856 2166 924 2195 non
937 2153 981 2187 est
988 2166 1067 2202 ergo
1078 2154 1166 2189 aetus

324 2200 415 2238 liber.
840 2211 854 2216 ’·
906 2239 908 2241 ,

373 2251 442 2297 Ego
455 2248 534 2282 vero
547 2248 667 2289 *censeo
680 2275 689 2288 ,
701 2248 796 2283 talem
820 2251 927 2283 actum
950 2247 1010 2284 effe
1028 2249 1165 2284 liberum

326 2299 409 2332 Deo.
438 2299 516 2332 Haec
529 2295 683 2331 sententia
695 2298 738 2331 est
748 2300 760 2340 (
771 2308 805 2331 vt
816 2301 957 2345 opinor)
973 2298 1169 2345 Theologo-

299 2375 303 2380 s
324 2359 395 2381 rum
408 2351 440 2381 &
462 2347 591 2384 Pagrum
605 2357 711 2392 ,quos
730 2348 834 2393 capite
853 2347 1044 2392 praecedenti
1063 2346 1167 2381 retuli.

325 2395 405 2429 Non
416 2397 504 2429 enirn
516 2393 675 2440 colligunt
690 2395 772 2428 hanc
786 2393 987 2428 voluntatem
1000 2398 1032 2428 in
1046 2397 1118 2429 Deo
1131 2408 1179 2439 ex=

325 2444 431 2491 aliqua
439 2442 574 2478 naturali
586 2441 767 2477 necessitate
778 2467 785 2479 ,
798 2441 850 2477 sed
861 2456 899 2477 ex
906 2443 1103 2477 reuelatione
1115 2469 1125 2482 ,
1137 2448 1169 2480 ὅ(

326 2494 428 2527 modo
445 2491 601 2538 loquendi
613 2493 800 2539 Scriptum,
814 2497 845 2526 ὅ(
858 2504 894 2525 ex
913 2490 1079 2526 effen-{bus
1092 2517 1101 2532 ,
1113 2496 1169 2540 qui

328 2541 406 2577 sicut
422 2539 521 2575 libere
533 2539 689 2579 fiunt-,ita
708 2540 882 2574 ostendunt
900 2539 1032 2574 liberam
1052 2540 1170 2576 volun-

328 2602 426 2625 tatem
440 2591 514 2624 Dei.
535 2591 634 2626 Item,
655 2587 676 2621 fi
693 2589 761 2624 haec
773 2588 923 2624 voluntas
942 2588 1016 2623 esset
1033 2585 1173 2625 necessa*-

329 2642 374 2674 ria
386 2664 396 2678 ,
407 2646 475 2673 non
485 2634 700 2686 effi-rspeciale
711 2636 908 2672 beneficium
917 2640 998 2678 Dei,
1011 2650 1072 2673 nec
1082 2651 1172 2674 tene-

331 2699 426 2726 tetur⁴
437 2687 544 2721 homo
571 2688 689 2734 gratias
710 2686 806 2735 agere
829 2689 904 2721 Deo
927 2700 1058 2735 propter
1085 2689 1173 2724 hunc

331 2748 488 2775 amorem,
500 2748 597 2783 quem
610 2747 684 2784 erga
694 2735 785 2770 illum
797 2735 909 2770 habuit
922 2763 930 2775 ,
941 2738 1125 2772 ordinando
1134 2737 1174 2772 il—

321 2784 398 2820 'lum
409 2786 448 2819 ad
457 2783 690 2834 beatitudinem
700 2783 979 2833 supernaturalem.
1007 2788 1079 2820 Imo
1093 2785 1175 2821 vlte-

291 2868 297 2872 ,
331 2837 397 2870 rius
413 2833 554 2882 sequitur
565 2858 575 2872 ‚
588 2835 657 2867 non
675 2831 813 2882 potuisse
824 2835 932 2868 Deum
943 2847 1050 2868 creare
1064 2834 1175 2874 homi-

331 2896 407 2918 nem
419 2910 429 2922 ,
448 2886 529 2930 quin
551 2883 714 2924 ordinaret
733 2881 825 2917 illum
846 2883 884 2916 ad
905 2880 1174 2929 supernaturalem

293 2955 296 2959 ›
331 2931 565 2967 beatitudinem
577 2945 590 2965 ε.
597 2932 686 2979 quod
697 2931 757 2969 effe
766 2929 891 2970 falsum,
901 2929 1049 2979 suppono
1060 2945 1098 2966 ex
1107 2945 1176 2968 ma·-

310 2985 412 3016 “teria
429 2981 470 3015 de
482 2982 593 3028 gratia.
618 2980 757 3027 Sequcla
768 2991 874 3028 patet,
885 2983 962 3028 quia
980 2983 1121 3027 creando
1136 2981 1177 3016 il-

330 3029 399 3066 lum
411 3055 421 3069 ,
435 3042 503 3064 non
514 3031 622 3077 potuit
633 3041 702 3064 non
720 3028 837 3063 habere
855 3029 947 3064 illum
964 3031 1071 3064 afflatu
1083 3042 1177 3065 com-

330 3077 496 3127 placentiae
515 3080 597 3112 circa
614 3075 851 3112 beatitudinem
863 3081 930 3112 eius
948 3077 1176 3126 apprehensam

331 3138 365 3161 vt
382 3124 565 3175 poffibilem
577 3125 720 3165 ,etiamsi
738 3139 916 3173 numquam
935 3131 1072 3162 extitura
1089 3126 1176 3169 esset,

333 3187 364 3209 vt
377 3187 463 3222 patet
474 3187 513 3211 ex
524 3176 674 3223 praediCta
683 3178 842 3223 opinione
852 3200 862 3215 ‚
874 3180 907 3210 δε
919 3174 1112 3223 applicando
1129 3188 1177 3211 ra—

322 3225 457 3296 5ti0nem
468 3226 536 3259 eius
548 3236 620 3273 :per
633 3224 716 3258 hanc
734 3236 842 3258 autem
862 3223 1064 3258 voluntatem
1077 3222 1176 3260 solam

335 3271 450 3306 dicitur
473 3274 564 3307 Deus
596 3273 747 3307 ordinare
778 3273 952 3319 hominem·
969 3274 1010 3307 ad
1027 3272 1121 3309 illum
1140 3272 1179 3308 fi-

297 3321 300 3325 '
321 3333 326 3364 5
336 3329 423 3357 nem,
432 3332 505 3353 nam
520 3319 541 3354 fi
552 3320 614 3355 alia
623 3323 797 3370 requiritur
807 3348 818 3360 ,
829 3321 882 3355 illa
894 3322 937 3355 est
948 3320 1049 3356 libera
1060 3346 1069 3360 ,
1079 3326 1114 3365 3<
1124 3321 1177 3356 illa

335 3364 376 3399 est
387 3365 497 3422 degua
508 3381 567 3402 nos
577 3372 711 3416 agimus.
741 3369 855 3404 Simile
874 3382 1102 3418 argumentum
1121 3370 1176 3409 est,

336 3412 426 3459 quod
438 3424 522 3447 iuxta
538 3415 624 3450 illam
645 3417 857 3458 sententiam,
875 3431 944 3453 non
965 3423 1069 3466 magis
1088 3421 1176 3455 Deus

337 3459 406 3495 vult
429 3459 659 3498 beatitudinem
686 3467 816 3511 reprobi
841 3494 851 3505 ‚
879 3468 978 3520 quam
996 3459 1176 3507 daemonis,

337 3510 412 3557 quia
422 3510 520 3551 etiam
537 3508 704 3545 beatitudo
721 3514 862 3549 Luciferi
877 3514 1071 3562 apprehensa
1081 3515 1131 3550 vel
1141 3527 1176 3551 vt

320 3556 493 3606 fp'offibilis
503 3581 513 3596 ,
524 3557 570 3591 vei
585 3559 694 3603 (quod
707 3563 737 3591 in
751 3562 836 3594 idem
848 3564 930 3597 redit
941 3565 954 3603 )
967 3577 1002 3597 vt
1018 3563 1177 3610 poffibili-

322 3613 383 3644 Tite:
401 3606 554 3644 existens,
574 3605 787 3649 abstrahendo
809 3607 847 3642 ab
863 3610 945 3647 hoc,
960 3614 1050 3657 quod
1070 3610 1177 3646 futura

263 390 295 471 >s

209 1146 230 1173 7

167 1220 254 1237 notatu

164 1245 238 1278 digna
250 1246 287 1269 ςέ-

714 190 812 234 Lib.
839 189 960 232 1111.
1003 189 1071 230 De
1094 174 1373 228 Prouidentia
1393 178 1537 243 gratiae
1553 177 1897 244 circareprobos.
1923 199 1925 201 ·

317 311 389 387 ζον]
404 304 446 337 est
458 303 610 351 agentisa
628 298 792 348 propolim
804 321 811 335 ‚
824 302 853 331 ἃ
869 297 943 328 ideo
960 307 1027 328 non
1047 294 1155 327 csttti-
1196 282 1236 313 Α(
1261 291 1297 326 fit
1309 316 1318 330 ,
1335 304 1404 326 non
1415 272 1558 340 displicet
1569 290 1643 326 Deo
1655 318 1662 328 ,
1675 270 1750 337 quia
1762 290 1854 323 estde
1862 286 1893 322 se
1902 287 2010 326 bona,
2020 280 2110 338 ergo*
2130 282 2133 286 ⁵
2170 274 2173 277 Ι

1214 2337 1218 2340 ,
1269 2309 1444 2349 exequatur
1457 2327 1465 2341 ‚
1476 2312 1634 2347 quantum
1648 2301 1748 2346 exigit
1766 2299 1907 2332 intentio
1919 2320 1928 2335 ,
1941 2307 1974 2328 vt
1990 2297 2113 2330 constat

1213 2485 1244 2517 D

1238 2619 1241 2622 -
1273 2606 1350 2628 tunc
1362 2596 1396 2627 in
1410 2595 1483 2627 Deo
1494 2590 1595 2640 posset
1607 2590 1744 2638 intelligi
1757 2588 1810 2624 illa
1828 2587 1960 2637 simplex
1973 2582 2118 2636 compla-

1259 344 1362 389 placet
1372 342 1488 375 eodem
1501 342 1622 374 modo:
1634 343 1666 374 &
1686 334 1797 373 similia
1809 334 2098 386 exempla'4poistnt
2114 374 2115 377 Ἴ

1260 383 1475 437 multiplicari.
1497 391 1597 423 Ratio
1615 388 1694 422 vcro
1711 389 1730 422 a
1747 389 1914 437 posteriori
1935 386 1978 420 est
1993 412 2005 433 Ι,
2022 389 2099 433 quia

1260 438 1418 486 quidquid
1429 437 1464 473 fit
1474 439 1515 472 de
1531 438 1584 472 illa
1594 436 1728 485 simplici
1747 436 1981 485 complacentia
1991 433 2098 469 neces-

1259 488 1358 527 sati-'ag
1368 485 1431 522 siue
1439 486 1586 523 afferatur
1605 499 1678 520 vere
1690 515 1697 525 ,
1711 482 1850 521 siue'non
1861 509 1871 524 ‚
1882 491 1992 533 p'raeter
2010 483 2098 518 illam

1260 535 1446 572 necessarius
1467 537 1510 570 :¹st
1527 538 1616 571 astus
1638 559 1648 575 ,
1666 549 1733 581 quo
1754 537 1844 569 Deus
1862 534 1935 568 vere
1955 534 2100 568 intendat

1262 586 1338 621 huic
1351 586 1481 620 homini
1489 586 1585 632 talem
1597 584 1705 619 finem.
1728 587 1794 618 Hic
1809 582 1915 617 'autem
1935 583 2100 620 atSltusnon

1262 635 1366 685 potest
1375 633 1437 669 esse
1447 633 1636 669 necessartus
1656 631 1729 668 Deo
1738 658 1750 672 ,
1760 645 1835 667 nam
1847 645 1884 666 ex
1901 634 1934 666 vi
1949 630 2033 679 illius
2044 631 2102 665 ali-²

1262 684 1342 732 quid
1353 685 1392 717 ad
1411 695 1499 718 extra
1515 694 1665 732 operatur
1680 706 1689 721 ‚
1711 681 1734 716 fi
1755 693 1897 724 creatura
1913 693 1984 715 non
2003 692 2103 727 ponat

1263 733 1557 778 impedimentum:
1569 731 1675 767 nullus
1693 744 1801 766 autem
1820 729 1998 765 voluntatis
2014 732 2102 764 actus

1263 781 1405 819 infere'ns
1415 794 1454 816 ex
1470 780 1500 816 se
1517 785 1741 830 operationem
1760 782 1800 814 ad
1815 791 1901 814 extra
1920 778 2025 827 potest
2043 776 2103 814 esse

1263 834 1336 876 Deo
1346 829 1547 869 necessarius,
1557 842 1592 864 vt
1604 842 1659 878 per
1670 828 1700 865 se
1710 828 1913 864 manifestum
1926 828 1981 867 est,
1992 833 2024 863 &
2035 840 2104 862 rna—>

1264 884 1312 929 gis
1330 879 1399 915 haec
1416 882 1500 915 ratio
1519 891 1557 914 ex
1575 877 1719 927 sequenti
1745 877 1950 914 dubitatione
1977 874 2102 912 consta‘-

1264 931 1323 973 bi*

1290 1000 1293 1001 ν
1311 978 1461 1014 seeundo
1475 976 1614 1013 dubitari
1627 977 1730 1025 potest
1745 1003 1754 1019 ,
1764 989 1805 1012 an
1815 977 1884 1012 haec
1902 974 2054 1010 voluntas
2070 972 2106 1008 sit

1262 1032 1296 1063 in
1307 1030 1381 1063 Deo
1391 1039 1517 1064 tanturn
1529 1025 1659 1076 simplex
1671 1025 1907 1074 complacentia
1916 1050 1926 1065 ‚
1937 1024 1988 1059 vel
1997 1023 2034 1058 fit
2045 1026 2107 1058 etii

1263 1080 1416 1126 acrusper
1436 1077 1575 1111 modum,
1585 1074 1860 1124 prosequutionis.
1873 1077 1945 1108 Hac
1954 1077 2042 1108 enim
2055 1074 2104 1107 di-

1264 1128 1435 1161 stinCtione
1447 1136 1581 1161 vtuntur
1601 1127 1779 1173 Gregorius
1792 1129 1848 1164 ,δε
1866 1123 1920 1157 alii
1939 1123 2105 1171 Theologi
2130 1156 2133 1160 ,
2295 1160 2302 1167 Ι,

1263 1175 1352 1224 supra
1365 1181 1421 1215 s&
1441 1175 1481 1209 ad
1497 1187 1565 1209 rem
1586 1173 1806 1222 explicandam
1824 1170 1974 1211 conferre
1989 1174 2124 1220 potest„
2173 1205 2177 1210 ,
2214 1186 2215 1189 “
2243 1185 2246 1188 ’
2297 1182 2299 1184 ·

1264 1227 1352 1260 Nam
1364 1227 1397 1259 in
1411 1224 1579 1266 voluntate
1588 1223 1728 1271 intelligi
1737 1223 1841 1271 potest
1852 1223 1951 1260 aolus,
1961 1234 2029 1269 quo
2041 1220 2106 1270 pla·
2289 1216 2295 1226 ‘

1265 1288 1314 1310 cet
1328 1278 1371 1308 rei
1390 1273 1521 1308 bonitas
1532 1297 1544 1312 ,
1554 1272 1618 1308 fi‘ue
1637 1271 1813 1323 poffibilis,
1824 1270 1887 1306 slue
1897 1271 2030 1307 existens
2050 1283 2107 1304 co-

1265 1322 1436 1374 gnoscatur
1446 1347 1459 1362 ,
1470 1326 1514 1356 ita
1530 1334 1639 1357 tamen
1653 1346 1662 1361 ,
1680 1333 1715 1358 vt
1731 1324 1837 1368 quiin
1850 1320 1904 1355 illa
1914 1319 2108 1368 complacet,

1265 1384 1333 1408 non
1343 1372 1490 1407 intendat
1501 1370 1587 1406 illam
1601 1369 1705 1405 facere
1717 1395 1727 1409 ,
1744 1381 1797 1404 aut
1814 1381 1983 1419 procurate
1993 1394 2004 1409 ‚
2016 1374 2090 1404 &ta

1265 1422 1303 1456 lis
1313 1423 1430 1456 dicitur
1441 1419 1571 1467 simplex
1582 1418 1835 1467 complacentia:
1848 1418 1981 1466 quando
1999 1430 2106 1452 antem

1267 1471 1417 1509 voluntas
1428 1469 1540 1515 aliquo
1556 1469 1660 1503 modo
1668 1471 1824 1515 proponit
1838 1467 1905 1501 rem
1915 1465 2003 1502 illam
2024 1466 2106 1500 face-

1266 1534 1299 1555 re
1309 1544 1318 1559 ,
1329 1531 1382 1554 aut
1392 1518 1543 1553 obtinete
1554 1542 1564 1557 ‚
1575 1519 1692 1552 dicitur
1704 1517 1758 1564 tali
1769 1514 1841 1550 aCtu
1859 1513 2008 1563 proseq'ui
2026 1528 2105 1548 rem:

1267 1568 1586 1610 &talisvestintentio
1598 1589 1606 1603 ,
1621 1570 1654 1600 ὃς
1673 1565 1788 1612 reliqui
1806 1566 1894 1600 aCtus
1905 1588 1915 1603 ,
1932 1567 2036 1610 quiex
2054 1563 2108 1598 illa

1266 1616 1451 1664 sequuntur.
1479 1616 1591 1664 Aliqui
1611 1627 1690 1662 ergo
1713 1613 1892 1663 significant
1912 1637 1921 1653 ‚
1941 1612 2024 1646 hanc
2046 1614 2108 1647 Dei

1267 1666 1472 1701 voluntatem
1484 1662 1586 1699 solum
1598 1661 1659 1697 esse
1670 1666 1768 1711 priori
1783 1664 1884 1697 modo
1897 1686 1906 1700 ,
1919 1665 1994 1708 quia
2004 1660 2025 1695 fi
2034 1659 2108 1696 esset

1267 1728 1305 1749 ex
1315 1714 1346 1749 se
1355 1715 1504 1749 ordinata
1514 1714 1552 1747 ad
1564 1724 1647 1759 opus
1656 1735 1667 1750 ,
1679 1711 1730 1746 vel
1747 1709 1822 1746 esset
1833 1709 1980 1745 absoluta
1990 1734 2001 1750 ‚
2016 1715 2050 1746 &
2068 1709 2110 1745 fic

1268 1762 1390 1811 semper
1399 1762 1532 1797 haberet
1542 1759 1694 1796 effeCkum
1705 1785 1716 1799 ,
1725 1759 1778 1794 vel
1789 1758 1863 1794 esset
1874 1760 2110 1799 conditionata,

1270 1817 1302 1848 &
1315 1811 1356 1847 sic
1370 1813 1410 1846 de
1430 1809 1575 1859 praesenti
1593 1822 1662 1845 non
1678 1807 1754 1844 esset
1775 1821 1849 1843 vera
1867 1807 2017 1843 voluntas
2030 1830 2040 1847 ,
2059 1806 2110 1842 sed

1268 1873 1344 1897 tunc
1355 1860 1462 1896 futura
1470 1858 1546 1894 esset
1557 1884 1568 1899 ,
1580 1860 1712 1906 quando
1724 1859 1871 1892 conditio
1881 1869 2068 1904 poneretur,
2077 1865 2115 1891 vt‘

1268 1912 1346 1946 dum
1356 1913 1428 1958 quis
1447 1909 1543 1947 dicit,
1556 1906 1578 1942 si
1599 1911 1710 1942 Petrus
1729 1909 1853 1942 veniret
1862 1931 1872 1946 ‚
1884 1906 1948 1940 hoc
1961 1904 2112 1945 facerem,

1269 1971 1346 1995 tunc
1358 1959 1492 2008 quidem
1509 1955 1593 1993 nihil
1611 1956 1708 1997 facit,
1719 1956 1771 1991 sed
1789 1954 1892 2005 posita
1907 1955 2112 1995 conditione,

1268 2009 1419 2058 ponenda
1430 2006 1505 2042 esset
1513 2008 1611 2042 affin.
2052 2018 2054 2021 ’
2111 2006 2114 2010 ’

1316 2057 1548 2093 Nihilominus
1559 2053 1658 2090 affero
1668 2053 1765 2090 talem
1774 2051 1977 2103 voluntatem
1987 2051 2049 2087 effe
2058 2065 2113 2100 per

1269 2107 1405 2143 modum
1427 2105 1712 2155 prosequutionis,
1731 2108 1765 2139 ὅ(
1784 2114 1942 2150 quantum
1955 2102 1998 2135 est
2017 2114 2055 2136 ex
2072 2099 2112 2140 se,

1269 2157 1421 2200 inducere
1440 2158 1675 2203 operationem.
1704 2150 1886 2191 Probatur,
1908 2154 1984 2198 quia
2004 2153 2114 2193 omnis

1270 2209 1410 2240 intentio
1422 2203 1495 2239 finis
1512 2205 1556 2238 est
1575 2205 1664 2237 astus
1677 2201 1968 2239 huiusmodi,nam
1981 2198 2034 2232 illa
2053 2211 2095 2247 po

1270 2252 1325 2288 fita
1336 2279 1346 2293 ‚
1358 2253 1480 2287 necefl'e
1489 2253 1533 2286 est
1551 2264 1585 2286 vt
1595 2251 1746 2286 voluntas
1758 2249 1855 2296 eligat
1871 2248 1978 2282 media
1990 2273 1998 2287 ,
2016 2246 2114 2282 &illa

2135 987 2248 1049 secu91sda
2296 1018 2302 1046 ,⁴

2136 1055 2240 1081 difficul-
2288 1072 2302 1093 q.

2136 1095 2178 1114 tas,
2216 1125 2218 1127 ‚

2135 1616 2202 1639 ‘Prior
2210 1617 2261 1648 epi-

2139 1648 2189 1672 nio.
2282 1647 2286 1658 ⁶

2183 2078 2194 2099 1
2203 2080 2233 2101 Ο.
2294 2084 2302 2111 j

2145 2112 2256 2139 Affertio.
2300 2130 2302 2147 :

1270 2363 1308 2385 ex
1317 2354 1419 2398 prima
1431 2348 1574 2394 secundae
1586 2364 1595 2382 .-
1607 2353 1639 2383 &
1652 2347 1716 2381 hoc
1736 2347 1781 2380 est
1790 2372 1799 2386 ,
1811 2347 1918 2379 aetum
1936 2342 1996 2378 esse
2007 2343 2113 2392 prose—

1271 2403 1414 2442 cutiuum
1427 2397 1496 2432 :sed
1506 2397 1559 2431 hic
1567 2398 1656 2431 astus
1665 2395 1842 2443 voluntatis
1858 2395 1975 2428 diuinae
1986 2395 2029 2428 est
2041 2407 2114 2429 vera

1271 2450 1412 2482 intentio
1426 2471 1435 2485 ‚
1447 2458 1481 2480 vt
1493 2447 1615 2480 di&um
1625 2445 1688 2484 est,
1697 2457 1786 2492 ergo.
1800 2445 1838 2477 Et
1851 2442 2000 2477 declarari
2011 2444 2116 2490 potest

1272 2509 1309 2531 ex
1321 2494 1501 2530 differentia
1513 2498 1596 2529 inter
1606 2494 1777 2529 hominem
1788 2503 1886 2538 prout
1895 2504 1982 2525 nunc
1993 2503 2116 2527 creatus

1273 2546 1316 2580 est
1327 2569 1337 2584 ‚
1349 2550 1382 2581 &
1392 2555 1487 2592 prout
1499 2545 1702 2578 crearetur-in
1715 2545 1801 2588 puris
1813 2539 2020 2575 naturalibus.
2029 2541 2116 2575 Nam

2149 2455 2254 2479 Ratione

2149 2487 2238 2513 conlit-

2149 2526 2235 2544 matur.

1273 2645 1378 2677 centia
1390 2640 1560 2676 naturalis:
1579 2643 1668 2677 Deus
1679 2651 1786 2674 autem
1798 2651 1837 2673 ex
1850 2641 1880 2672 vi
1897 2637 1981 2673 illius
1993 2638 2116 2673 nullum

1275 2689 1508 2739 supernaturale
1518 2691 1662 2725 medium
1672 2686 1834 2723 conferret
1845 2687 1973 2722 homini
1984 2686 2024 2722 fic
2034 2700 2118 2722 crea-
2149 2714 2151 2717 .

1276 2753 1332 2780 to,
1351 2740 1421 2774 imo
1441 2738 1559 2774 habere
1583 2737 1697 2787 posset·
1711 2735 1913 2785 propositum
1935 2735 2115 2772 absolutum

1275 2802 1344 2824 non
1353 2789 1450 2823 dandi
1461 2787 1583 2835 aliquid
1594 2784 1798 2825 huiusmodi,
1810 2798 1897 2820 nunc
1908 2785 1986 2820 vero
1995 2789 2038 2819 ita
2050 2784 2117 2820 vuit

1276 2836 1466 2872 hominibus
1487 2837 1580 2873 illum
1593 2836 1713 2875 finem,
1732 2846 1767 2870 vt
1785 2848 1823 2869 ex
1835 2838 1866 2869 vi
1887 2838 1981 2869 buius
2000 2832 2118 2868 volun-

1276 2890 1349 2921 tatis
1366 2884 1539 2921 necessario
1555 2886 1609 2921 det
1626 2884 1734 2931 aliqua
1750 2885 1856 2918 media
1873 2881 2118 2931 supernaturalia

1276 2947 1311 2970 vt
1325 2935 1486 2970 eonstabit
1497 2934 1591 2970 latius
1601 2937 1634 2969 iu
1646 2931 1869 2981 sequentibus:
1879 2940 1961 2980 ergo
1972 2929 2042 2965 talis
2057 2944 2115 2965 voa

1275 2985 1381 3020 luntas
1399 2997 1468 3018 non
1488 2984 1533 3019 est
1551 2985 1629 3032 pura
1654 2981 1891 3030 complacentia
1910 3003 1920 3020 ,
1938 2977 1988 3014 sed
2010 2978 2117 3025 prose·
2164 3009 2167 3012 .

1276 3035 1392 3080 quutio
1409 3031 1522 3081 aliquo
1544 3033 1647 3066 modo
1673 3032 1821 3066 ordinata
1846 3030 1885 3063 ad
1906 3031 1949 3062 rei
1968 3026 2116 3063 effectio-

1274 3094 1361 3116 nem.
1385 3081 1611 3116 confirmatur
1630 3085 1666 3116 &
1675 3078 1862 3122 declaratur,
1874 3090 1949 3121 nam
1962 3075 1985 3110 fi
1997 3080 2030 3111 in
2042 3079 2115 3113 Deo

1275 3131 1319 3164 est
1334 3129 1441 3177 aliqua
1462 3129 1594 3178 simplex
1609 3127 1843 3175 complacentia
1854 3150 1864 3165 ,
1875 3138 1947 3172 quae
1958 3138 2027 3159 non
2042 3124 2117 3175 sup-

1275 3189 1376 3226 ponat
1388 3177 1554 3215 scientiam
1565 3175 1749 3215 vision-iside
1759 3177 1864 3209 teiam
1877 3174 2029 3209 existente
2038 3198 2048 3213 ,
2065 3175 2117 3211 seu

1274 3227 1382 3262 futura
1392 3250 1402 3266 ,
1413 3225 1517 3268 solum
1527 3226 1572 3260 est
1583 3226 1622 3258 de
1633 3237 1674 3259 rer
1693 3222 1828 3269 possibili.
1847 3224 1934 3256 Nam
1944 3222 2020 3259 licet
2033 3225 2117 3259 dica-

1275 3287 1324 3309 tur
1334 3273 1396 3309 effe
1413 3276 1453 3308 de
1465 3280 1498 3309 re
1513 3271 1676 3322 apprehen
1690 3281 1708 3317 a
1728 3283 1762 3305 vt
1772 3272 1924 3306 existente
1934 3296 1943 3311 ‚
1955 3285 1988 3306 re
2001 3286 2074 3308 vera
2085 3274 2116 3308 id

1274 3322 1379 3357 solum
1399 3323 1463 3363 est,
1479 3334 1639 3370 quatenus
1661 3319 1835 3368 ipsummet
1854 3320 1985 3356 existere
2005 3335 2115 3371 appre-
2128 3328 2136 3365 j
2155 3329 2158 3332 ’

1276 3371 1429 3406 itenditur
1450 3382 1485 3406 ,vt
1496 3367 1665 3418 possibile,
1678 3375 1712 3405 &
1731 3372 1776 3404 ita
1793 3367 1896 3404 solum
1914 3370 2117 3418 repraesenta·
2134 3402 2135 3406 ,

1275 3432 1327 3455 tur
1347 3420 1421 3453 Deo
1443 3431 1498 3466 per
1525 3417 1690 3453 scientiam
1715 3416 1866 3465 simplicis
1885 3420 2137 3467 intelligentiae.⁵

1274 3467 1370 3504 Vnde
1380 3479 1418 3501 ex
1428 3470 1460 3501 vi
1472 3467 1556 3502 illius
1568 3465 1811 3513 complacentia:
1829 3466 1964 3504 talis'res
1985 3482 2053 3504 non
2062 3481 2116 3503 or·
2134 3494 2136 3506 ,

1275 3518 1403 3561 dinatur
1413 3517 1452 3551 ad
1463 3517 1660 3551 existendum
1670 3539 1679 3554 ‚
1689 3519 1724 3550 &
1735 3515 1811 3550 idco
1827 3516 1898 3551 talis
1910 3518 2117 3566 complacen-
2129 3529 2139 3573 5·
2190 3509 2193 3512 .

1275 3568 1321 3601 tia
1337 3563 1465 3600 fortasse
1483 3563 1543 3600 esse
1554 3564 1658 3613 potest=
1667 3565 1756 3607 aestus
1771 3562 1968 3600 necessarius.
1987 3566 2133 3603 volun-i

1275 3626 1322 3649 tas
1332 3625 1439 3649 autem
1454 3614 1493 3648 de
1502 3627 1568 3661 qua
1579 3614 1803 3661 nuncagimus
1814 3638 1824 3653 ‚
1835 3617 1955 3650 nonita
1966 3613 1995 3649 se
2007 3605 2132 3661 haben&

2153 3079 2259 3105 vlterius
2299 3081 2302 3092 ³

2149 3112 2240 3137 confrr-

2150 3151 2229 3169 matur
