2302 3828
192 152 200 181 i
216 159 315 181 vnum
326 148 568 183 determinetur.
600 146 665 190 Alij
678 147 820 193 denique
837 143 1085 193 confugiuntad
1120 141 1163 189 ΑΙ

216 194 339 231 sensum
352 196 582 243 compositum.
595 199 629 237 &
641 191 792 230 diuisum.
826 194 1016 242 voluntque
1027 206 1084 227 ne·
1099 185 1102 204 ⁴

216 245 391 281 ceffitateui
403 259 440 280 ex
460 243 692 294 suppositione,
705 246 802 277 etiam
823 245 1025 279 antecedenti
1042 243 1082 277 ad

217 293 310 329 vsum
330 294 575 336 libertatis‚non
591 293 720 331 tollere,
741 304 809 340 quo
829 292 936 328 minus
945 290 1082 327 astussit

216 341 308 383 liber,
322 343 373 379 sed
385 343 457 380 satis
472 343 532 378 effi:
541 368 549 384 ‚
569 341 658 391 quod
670 340 820 376 voluntas
831 353 868 375 ex
880 340 910 377 se
919 365 928 381 ‚
947 354 983 377 ac
993 339 1078 377 nude

217 390 342 439 sumpta
354 392 419 429 line
440 392 493 427 tali
505 388 770 442 suppofirioiielit
787 389 1033 427 indeterminata
1043 391 1082 425 ad

216 441 313 476 talem
327 444 445 478 austum.

105 525 112 531 ,
265 493 344 526 Haec
367 491 521 526 sententia
534 503 600 525 non
614 492 656 526 est
668 503 706 525 ex
716 486 855 537 professo
877 487 894 522 ὲ
907 486 1002 523 nobis
1015 488 1095 523 hoc*

28 543 103 586 nicta
120 540 177 587 seti-
194 578 197 587 .
216 538 291 574 loco
303 541 478 579 tractanda,
492 543 527 575 δε
544 540 767 579 examinanda,
779 538 811 572 icl
821 540 908 572 enim
921 534 990 573 fuse
1012 541 1080 585 egi-

27 591 113 625 ‘an
123 591 178 611 ‘³²¹‘
193 590 197 627 Ι
217 600 292 624 mus
304 589 438 631 inslibris
449 591 489 624 de
501 589 648 630 Auxiliis,
659 594 690 624 ὅ(
702 587 789 622 aliud
801 586 928 622 fortasse
941 598 1081 633 tempus,

27 630 105 650 σιω·
193 633 198 671 i
216 641 252 673 &
274 637 398 674 occasio
417 650 561 673 occurret
589 637 675 672 illam
694 638 835 672 exactius
852 637 1080 685 pertractandi.

217 689 317 723 Nunc
329 701 407 737 ergo
417 686 518 722 solum
539 685 715 726 afferimus,
731 685 922 720 sententiam
941 684 1026 719 illam
1040 685 1094 726 ad?

216 739 386 784 negotium
407 735 688 784 praedestimtionis
706 733 908 770 necessariam
926 746 993 769 non
1006 729 1093 774 esse‚l
1153 737 1155 751 ¹

217 790 292 833 quia
303 785 407 835 potest
426 784 588 820 certitudo
607 784 890 833 praedestinationis
912 782 977 818 alio
996 781 1076 819 faci-

215 833 291 869 liori
303 833 404 869 modo
415 861 424 876 ‚
443 846 478 868 ac
489 833 607 869 diuina:
618 836 827 882 prouidentiae
837 859 847 874 ,
868 846 904 868 ac
917 831 1076 880 sapientia:
1090 865 1092 869 .

217 886 318 932 magis
331 883 547 918 consentaneo
565 882 690 923 saluari,
702 894 736 919 vt
749 895 825 917 mox
833 881 1075 931 explicabimus.

216 933 321 980 Qud
332 932 352 967 si
373 931 542 968 necessaria
559 945 624 966 non
636 933 690 972 est,
703 946 770 967 non
780 934 946 967 censemus
956 930 1075 965 admit-

214 984 345 1016 tendam
358 985 452 1030 ,quia
470 995 537 1018 non
557 981 655 1017 habet
673 981 920 1017 fundamentum
942 983 972 1015 in
993 982 1076 1015 Scri-

212 1034 321 1078 pturiS,
336 1032 386 1066 vel
405 1030 521 1067 sanetis
546 1030 691 1067 Patribus
705 1057 714 1072 ,
733 1043 787 1067 aut
806 1034 949 1078 antiquis
965 1031 1077 1065 Tbco-

210 1079 317 1127 logis,
342 1085 376 1118 &
397 1080 579 1117 libertatem
599 1079 720 1128 arbitr-ij
744 1083 788 1115 ita
798 1079 962 1129 deprimit,
972 1091 1006 1114 vt
1023 1081 1075 1112 vix

212 1130 304 1176 coffir
316 1132 456 1166 humana
467 1142 574 1166 mente
583 1133 732 1178 concipi:
745 1129 885 1177 ideoque
895 1141 967 1178 apta
978 1131 1075 1164 etiam

210 1191 277 1213 non
292 1181 334 1214 est
346 1204 354 1218 ‚
376 1182 416 1214 ad
429 1181 586 1215 haereticis
599 1179 811 1215 resistendum.
847 1180 937 1214 Nam
955 1179 1073 1216 dicere,

210 1229 419 1264 concordiam
439 1228 521 1264 hanc
543 1225 603 1264 esse
625 1228 822 1264 ineffabilem
836 1252 844 1268 ‚
862 1231 898 1263 &
915 1239 981 1261 non
1003 1224 1077 1274 pos-

209 1276 238 1311 se
257 1279 275 1312 a
288 1278 382 1313 nobis
403 1278 568 1328 explicari,
580 1291 647 1313 non
665 1277 835 1319 satisfacit,
854 1289 924 1312 tum
943 1279 1018 1324 quia
1034 1274 1072 1310 fi-

207 1326 264 1361 des
285 1340 350 1362 noti
359 1327 455 1363 docet
476 1327 553 1362 illud
563 1355 571 1368 ,
589 1327 674 1363 vnde
686 1328 725 1363 ab
737 1329 786 1362 his
800 1326 987 1363 auctor-ibus
998 1325 1070 1360 red-

175 1389 183 1396 ’·
214 1376 295 1411 iitur
310 1379 484 1412 concordia
495 1375 736 1425 inexphcabilis.
771 1378 859 1411 Tum
872 1378 981 1415 etiam,
995 1378 1071 1422 quia

208 1423 230 1459 fi
259 1428 332 1473 quis
351 1425 494 1468 dicerer,
513 1429 623 1461 Deum
634 1425 828 1461 ‘neceffitare
854 1423 1070 1464 voluntatem,

206 1480 240 1511 δε
253 1473 467 1510 nihilominus
484 1489 552 1511 non
566 1474 678 1511 tollere
690 1475 890 1514 libertatem,
910 1472 1037 1521 esseqtie
1055 1476 1072 1509 a

205 1523 301 1558 nobis
321 1527 511 1560 credendam
527 1524 736 1560 concordiam
754 1523 887 1561 actualis
905 1522 1070 1558 neceffita-
1100 1519 1131 1553 C

204 1576 244 1607 tis
262 1571 447 1621 simpliciter
465 1587 540 1611 cum
561 1574 678 1610 actuali
697 1573 946 1615 libertate,non
965 1571 1068 1606 solum

204 1624 323 1658 dicerer
342 1637 409 1659 rem
427 1623 697 1672 inexplicabilem,
711 1621 761 1658 sed
784 1627 880 1659 etiam
899 1622 1008 1670 aperte
1021 1635 1070 1656 re-

207 1684 404 1721 pugnantem
420 1675 582 1722 :Opottet
598 1687 675 1722 crgo
690 1700 698 1714 ,
715 1686 748 1708 vr
760 1671 813 1707 illa
836 1672 990 1708 sententia
1012 1672 1070 1705 dc-

207 1723 323 1761 ciant,
339 1726 510 1770 quomodo
528 1736 593 1758 non
606 1721 642 1757 fit
658 1725 746 1758 idem
761 1724 886 1761 dicere,
900 1720 1069 1768 praedeier-
1086 1748 1087 1752 ,

211 1774 421 1806 minationem
438 1771 476 1805 ad
488 1784 589 1806 vnum
601 1773 641 1806 ab
653 1770 834 1806 extrinseco
856 1771 975 1805 illatam
987 1782 1068 1804 con-

209 1822 298 1868 iungi
317 1833 392 1855 curn
408 1820 621 1856 indifferentia
639 1820 812 1858 librrtatis,
826 1823 902 1861 quia
918 1818 971 1854 itu
988 1831 1068 1866 prae-

208 1871 435 1904 determinatio
449 1870 574 1906 Videtut·
585 1869 646 1905 else
657 1866 820 1905 necessitas
830 1862 1066 1916 simplicitenct‘i

209 1917 249 1952 ab
266 1918 444 1952 extrinseco
462 1917 625 1956 inferatur.
656 1919 885 1966 tare‚quod
904 1917 973 1952 talis
994 1930 1066 1951 mo-

210 1970 257 2001 tio
269 1965 370 2002 suauis
387 1967 528 2007 dicatur,
548 1966 640 2002 faciet
650 1970 846 2015 quideni,Vt
865 1969 953 2003 astus
972 1966 1012 2001 ab
1028 1967 1066 2002 il-

210 2016 238 2050 la
250 2018 442 2064 proueniens
460 2014 497 2051 fit
508 2016 723 2055 voluntarius,
736 2030 803 2052 non
820 2017 950 2058 vero‚vt
968 2015 1003 2050 iit
1026 2015 1065 2050 li-

210 2063 277 2100 ber.
313 2065 387 2100 Sola
406 2065 480 2100 vero
498 2067 619 2101 obieisti
638 2066 816 2115 propositio
837 2079 873 2100 ex
897 2064 1065 2100 seindiffe-

210 2126 291 2153 tens,
302 2114 346 2151 est
355 2116 486 2161 quidem
506 2114 667 2151 sufficiens
684 2118 722 2150 ad
740 2114 951 2161 potentialem
969 2115 1065 2150 libet-

210 2174 319 2203 tatem,
329 2176 395 2198 non
408 2164 485 2198 vero
493 2166 533 2197 ad
543 2164 713 2204 itehalem,
728 2164 748 2199 fi
760 2163 925 2199 neceffitas
936 2162 1065 2199 aliunde

208 2215 401 2259 imprimitur
411 2212 450 2246 ab
463 2214 748 2261 extrinseco.Qia
761 2217 858 2261 igitur
867 2226 927 2247 nos
937 2226 1003 2247 non
1015 2216 1064 2246 in-

208 2265 354 2296 uenimus
372 2260 508 2298 modum
535 2265 758 2311 componendi
785 2262 965 2297 libertatem
991 2275 1064 2296 cum

205 2308 421 2358 suppositione
434 2314 644 2347 antecedente
661 2310 752 2346 vsum
766 2313 849 2352 eius,
861 2315 896 2347 ὃ(
909 2313 1060 2346 determi-

206 2358 437 2407 nanrephysice
450 2360 634 2396 facultatem
652 2363 804 2407 operandi
823 2362 861 2395 ad
875 2374 971 2395 vnam
992 2375 1064 2407 par-

204 2420 282 2450 tem,
292 2411 364 2444 ideo
374 2408 414 2444 ad
429 2409 664 2459 expediendam
682 2412 763 2446 hanc
775 2409 1001 2446 difficultatem
1013 2409 1064 2445 illa

204 2457 356 2494 sententia
369 2472 436 2493 non
448 2463 579 2495 vtimur.
707 2465 709 2467 ’

251 2508 438 2542 Dicendum
457 2520 537 2556 ergo
556 2508 698 2544 breuiter
708 2508 770 2548 est,
782 2509 856 2544 ideo
868 2507 1068 2554 praedestina-

204 2557 328 2590 tionem
338 2569 404 2590 non
426 2557 581 2605 impedire
595 2556 777 2593 libertatern
792 2561 826 2592 in
848 2557 979 2604 singulis
990 2559 1065 2593 aeti-

204 2602 265 2638 bus
285 2605 392 2645 bonis,
405 2604 527 2641 etiamsi
545 2605 617 2640 illos
640 2606 936 2654 praefiniatzquiain
955 2619 1069 2640 execu-

200 2659 290 2688 tione
300 2680 309 2694 ,
334 2657 368 2688 &
381 2652 419 2687 ad
431 2667 515 2689 extra
525 2668 591 2690 non
609 2657 765 2690 mouetad
782 2654 853 2691 illos
864 2668 938 2689 cum
955 2653 1071 2691 effectu

204 2702 408 2750 praestandos,
418 2702 475 2737 nisi
486 2716 540 2751 per
551 2706 684 2752 gratiam
702 2704 867 2739 efficacem
878 2730 887 2738 .
901 2708 987 2751 Qae
997 2717 1067 2752 gra-

204 2750 388 2790 :mestit-ax,
405 2754 448 2786 ita
459 2765 569 2788 mouet
590 2751 795 2788 voluntatem
807 2777 814 2790 ,
834 2765 866 2788 vt
884 2752 1068 2787 libertatem

204 2805 273 2836 eius
283 2815 350 2836 non
369 2802 535 2848 impediat,
547 2805 643 2836 etiarn
656 2815 724 2849 quo
736 2804 775 2837 ad
789 2799 878 2837 vsum
890 2827 899 2843 ,
913 2806 947 2837 ὃς
959 2803 1064 2837 actua-

205 2849 269 2885 lem
290 2852 593 2886 determinationem
606 2876 618 2890 ,
639 2854 713 2899 quia
729 2863 846 2886 mouet
864 2850 1068 2886 voluntatem

205 2901 305 2935 modo
324 2912 470 2949 congruo
489 2912 526 2934 ex
546 2899 742 2947 praescientia
761 2899 1008 2940 conditionata,
1033 2903 1067 2933 ὅ(

203 2950 279 2986 ideo
290 2951 373 2984 nibli
388 2949 523 2998 superest
536 2951 567 2983 in
582 2948 858 2997 praedestinatione
870 2975 878 2988 ,
891 2952 977 2995 quod
993 2949 1068 2983 huic

203 2998 342 3034 libertati
360 3011 525 3047 repugnet.
544 3000 651 3033 Prima
671 3011 740 3046 pars
758 2999 801 3033 est
821 3000 864 3032 D.
885 2998 1067 3045 Augustini,

203 3048 400 3097 vbicumque
421 3048 461 3082 de
479 3050 537 3083 hac
558 3050 688 3083 materia
708 3047 862 3095 loquitur.
896 3047 982 3080 Nam
1004 3047 1067 3081 hoc

203 3096 288 3133 sensu
300 3102 354 3136 ait,
365 3111 406 3131 m
418 3124 426 3135 ,
437 3102 641 3143 ςκέυοσαηιιιν
650 3110 688 3131 ex
699 3098 837 3145 propnfito
850 3121 860 3136 ,
877 3108 933 3129 non
955 3098 1067 3130 mrem

203 3150 394 3188 vocationem,
406 3160 457 3181 nac
468 3146 597 3192 resistere.
614 3145 734 3194 Estiiue
747 3159 780 3180 in
790 3159 830 3180 eo
851 3144 944 3181 valde
951 3157 1067 3181 notan-

202 3197 358 3234 dum,non
368 3198 485 3237 dcere,
496 3209 561 3230 non
571 3194 658 3244 posse
670 3208 844 3244 repugnare
853 3219 863 3234 ,
874 3192 928 3229 sed
939 3207 1004 3228 non
1018 3207 1066 3228 re-

204 3245 596 3293 pugnare.Qanquam‚ii
609 3245 782 3293 aliquando
796 3246 892 3292 priori
906 3243 1006 3278 modo
1017 3242 1064 3277 lo·

204 3294 764 3341 queretur,exponenduseiletiuxta
786 3292 910 3329 sensum
931 3305 1066 3339 compo-

204 3341 297 3376 situm
316 3342 405 3391 supra
421 3344 615 3379 declaratum
637 3357 691 3392 per
707 3343 970 3380 conditionatam
990 3354 1066 3390 prze-

204 3390 375 3426 scientim.
399 3395 498 3429 Ratio
512 3397 587 3428 vero
600 3395 692 3428 huius
713 3396 809 3439 partis
821 3393 885 3432 est,
905 3393 980 3440 quia
1001 3392 1067 3426 hare

202 3438 414 3487 gratiaszficax
425 3442 593 3478 necessaria
602 3443 645 3477 est
656 3443 694 3476 ad
705 3442 767 3477 fine
778 3443 1067 3489 predestinationis,

202 3488 279 3524 alias
291 3487 425 3524 deficere
436 3490 548 3537 pollet.
578 3494 622 3536 Lt
631 3495 672 3526 est
685 3495 780 3525 etiam
791 3493 935 3526 medium
949 3503 1070 3537 aptum,

1093 393 1097 423 4

1109 826 1131 859 Β

74 2547 100 2571 6.

16 2579 142 2612 Affertio.

1152 844 1155 853 ⁴
1169 830 1282 866 habito
1292 845 1328 867 ex
1337 832 1479 868 efficacia
1491 830 1544 866 sua
1554 858 1564 874 ,
1575 835 1611 866 &
1624 845 1690 866 non
1703 836 1812 881 gratia?
1826 832 2032 880 Dei.·Seque-

1989 78 2060 129 345

1178 146 1255 190 quia
1264 142 1318 178 illa
1329 143 1442 192 posita,
1452 123 1620 180 infallibile
1631 147 1673 181 est
1683 125 1870 194 ponendum
1881 146 1940 182 esse
1959 129 2040 186 effe*

1176 196 1383 242 &ummrgo-
1397 192 1508 229 Altera
1530 193 1607 230 vero
1624 207 1694 243 pars
1719 194 2040 250 breuiter-probatur

1158 256 1161 280 5
1175 247 1251 287 quia
1263 241 1405 278 efficacia
1415 244 1508 278 huius
1519 246 1626 292 gratiae
1636 256 1703 278 non
1715 241 1858 278 confistit
1869 256 1900 277 in
1912 245 2038 291 physica

1159 292 1524 336 *praedeterminationm
1535 296 1587 328 cui
1601 292 1750 328 voluntas
1768 304 1834 326 non
1845 292 1945 339 possit
1965 295 2036 329 refi-

1173 339 1265 375 stete:
1275 344 1349 389 quia
1360 341 1549 378 Concilium
1560 343 1787 378 Tridentinum
1798 340 1861 376 {effi
1870 347 1900 377 6.
1910 343 2036 384 definit,

1171 389 1354 424 voluntatem
1363 392 1405 424 ita
1415 395 1550 438 operari,
1562 391 1710 439 supposita
1730 393 1792 426 Dei
1802 393 1972 426 excitatione
1982 415 1991 431 ‚
2002 404 2036 427 ve

1170 439 1294 483 pofiiteu'
1318 438 1446 484 resistere.
1474 438 1629 475 Consistit
1646 453 1725 489 ergo
1741 443 1773 474 in
1788 442 1938 475 motione
1957 453 2036 475 cori-

1170 493 1303 534 grua,&
1316 487 1561 524 accommodata
1578 489 1738 525 voluntati
1758 491 1845 525 iuxta
1865 488 2034 538 praescien·

1172 539 1249 571 tiam
1263 539 1337 573 Dei.

1218 588 1314 621 Dicet
1334 585 1410 621 vero
1428 584 1655 635 aliquiszl-ngo
1665 586 1732 622 haec
1760 591 1859 635 gratia
1881 586 1945 623 Dei
1965 599 2033 622 non
2050 593 2051 598 ’

1169 634 1394 671 εῐὶίὲευηάὺιη
1405 634 1434 670 se
1446 634 1581 679 efficax,
1600 634 1652 670 sed
1662 635 1702 670 ab
1721 636 1867 671 hominis
1882 636 2033 671 volunta-

1170 695 1200 717 te
1210 684 1352 720 efficacii
1361 687 1495 731 accipit:
1509 686 1597 732 quod
1608 686 1733 720 videtur
1745 684 1838 720 valde-
1847 681 2051 727 abfui-dum,?

1166 733 1240 768 cum
1255 746 1292 769 ex
1305 731 1445 769 efficacia
1457 733 1529 768 talis
1539 736 1647 780 gratiae
1658 736 1780 771 oriatur
1791 733 1965 770 consensus
1974 747 2032 768 vo-

1167 779 1316 817 luntatis:
1328 782 1406 818 alias
1416 782 1516 830 posset
1529 782 1674 818 homode
1687 783 1745 818 illo
1755 783 1898 833 gloriari,
1909 793 1943 817 vt
1955 794 2032 830 pote

2068 367 2159 396 Coo-cil.

2066 403 2141 433 Trai.

1167 878 1196 915 la
1216 881 1386 927 probatur,
1405 884 1482 929 quia
1494 879 1554 916 nili
1573 880 1725 917 voluntas
1744 882 1887 918 hominis
1908 893 2032 929 coope-

1167 941 1253 964 retur
1262 957 1270 971 ,
1279 933 1379 979 gratia
1392 933 1454 966 Dei
1466 944 1532 965 non
1543 930 1721 967 eritefficax
1732 954 1742 971 ‚
1753 931 1859 980 ergoa
1881 929 2034 967 volunta·
2049 917 2052 940 ¹

1169 988 1199 1013 te
1227 981 1271 1014 est
1291 977 1433 1016 efficacia
1457 982 1576 1029 gratiae.
1606 979 1838 1028 Respondetur
1862 978 2027 1016 ceneden-

1166 1029 1210 1061 do
1233 1032 1368 1074 primam
1391 1029 1657 1077 consequentiam
1675 1030 1784 1077 quoad
1802 1032 1947 1077 priorem
1963 1041 2034 1077 par-

1167 1088 1252 1119 tem,
1274 1081 1308 1112 ἃ
1322 1079 1471 1126 negando
1481 1079 1567 1114 illam
1588 1078 1696 1128 quoad
1719 1078 2035 1127 posterioremzquia

1166 1124 1302 1161 liberum
1324 1128 1494 1163 arbitrium
1511 1142 1578 1163 non
1588 1139 1796 1177 comparatur
1807 1154 1819 1171 ,
1835 1130 1875 1164 ad
1895 1133 2038 1163 excitan-

1169 1186 1233 1209 tem
1244 1178 1445 1222 gratiam,de
1460 1178 1575 1225 quaest
1585 1176 1701 1220 serm0‚
1718 1189 1753 1214 vt
1767 1177 1858 1214 causa
1867 1179 1960 1217 eius,
1981 1189 2037 1212 ne-

1167 1224 1288 1272 queilli
1308 1224 1430 1273 aliquid
1449 1224 1576 1262 confert
1589 1250 1598 1266 ‚
1611 1238 1646 1261 vt
1670 1229 1916 1275 proptereadici
1936 1224 2037 1273 possit

1167 1286 1238 1308 eam
1263 1273 1394 1309 reddere
1416 1273 1592 1311 efficacem.
1625 1278 1718 1311 Vnde
1739 1275 1780 1311 ad
1807 1274 2036 1324 probationem

1168 1335 1300 1372 negatur
1312 1327 1410 1358 etiam
1429 1322 1764 1369 consequentiamam
1785 1324 1889 1360 solum
1909 1324 2037 1373 probat,

1168 1370 1304 1407 liberum
1315 1371 1484 1408 arbitrium
1497 1372 1559 1408 effe
1571 1372 1763 1408 concausam
1775 1385 1850 1409 cum
1871 1372 2037 1409 huiusmo-

1167 1423 1199 1456 di
1212 1424 1313 1470 gratia
1335 1421 1374 1457 ad
1394 1421 1585 1458 consensum
1598 1423 1821 1471 praestandum,
1836 1422 1926 1471 quod
1939 1421 2038 1471 longe
2055 1459 2057 1470 y

1166 1470 1324 1507 diuersum
1337 1470 1391 1507 est.
1910 1487 1911 1490 ’
2045 1485 2047 1487 ’

1213 1523 1257 1556 Vt
1269 1532 1376 1557 autem
1390 1534 1437 1557 res
1447 1518 1511 1569 ipsa
1522 1518 1637 1556 melius
1648 1520 1855 1569 intelligatur,
1867 1519 2037 1557 aduerten-

1164 1570 1241 1604 dum
1263 1570 1306 1605 est
1328 1594 1336 1608 ‚
1360 1569 1539 1606 efficaciam
1559 1573 1669 1618 gratiae
1690 1571 1855 1606 interdurn
1874 1569 1957 1606 sumi
1979 1582 2037 1617 pro
2057 1584 2059 1589 ’

1167 1619 1284 1654 actuali
1298 1618 1477 1654 efficientia
1488 1623 1566 1655 cius:
1577 1632 1650 1654 narn
1665 1621 1772 1656 omnis
1784 1619 1872 1655 causa
1885 1622 2037 1656 denomi-

1168 1679 1261 1703 natur
1276 1670 1348 1702 adru
1375 1666 1521 1703 efficiens
1535 1694 1546 1708 ‚
1569 1669 1620 1704 seu
1636 1668 1748 1704 efficax
1770 1667 1809 1704 ab
1833 1669 1948 1707 actuali
1967 1668 2038 1704 effi-

1167 1720 1286 1752 cientia
1300 1716 1439 1763 sua‚quae
1446 1730 1513 1752 non
1524 1718 1568 1752 est
1579 1718 1777 1765 aliud‚quam
1789 1721 1875 1753 acuo
1888 1719 2037 1755 eiusAn-

1169 1769 1301 1813 quando
1315 1767 1392 1801 vero
1411 1766 1492 1800 sumi
1510 1778 1571 1813 pro
1584 1770 1722 1808 virtute,
1738 1780 1836 1815 quam
1846 1766 1915 1802 talis
1934 1769 2035 1815 gratia

1168 1816 1264 1850 habet
1283 1817 1322 1850 ad
1343 1817 1544 1851 mouendum
1562 1815 1699 1850 liberum
1717 1817 1885 1850 arbitrium
1907 1819 1942 1850 ὅ(
1961 1815 2034 1850 effi-

1167 1864 1370 1906 ciendum‚vt
1381 1864 1602 1904 efficiat,iuxta
1614 1863 1848 1904 illudJaciime
1849 1866 1984 1911 faciatis,
1996 1869 2033 1901 δε

1168 1913 1320 1963 illud,lp[e
1330 1914 1571 1962 ess‚quioperatur
1580 1917 1612 1948 in
1623 1913 1699 1947 nobis
1711 1914 1877 1960 velle‚quia
1885 1913 2033 1962 perhanc

1168 1967 1300 2012 gratiam
1314 1962 1386 2000 facit
1398 1966 1538 2003 Deus‚vt
1551 1963 1735 2005 velinius‚vt
1746 1963 2032 2011 August.exponit.

1170 2012 1324 2049 Efficacia
1340 2026 1417 2061 ergo
1444 2017 1541 2062 priori
1561 2014 1664 2047 modo
1683 2013 1807 2059 sumpta
1825 2013 1946 2058 pendet
1967 2012 2031 2049 fine

1169 2063 1272 2098 dubio
1282 2062 1300 2096 ὲ
1309 2062 1412 2097 libero
1424 2061 1557 2096 arbitrio
1568 2089 1578 2103 ‚
1591 2065 1665 2108 quia
1675 2065 1766 2096 vnica
1776 2061 1820 2095 est
1836 2062 1922 2096 actio
1931 2090 1941 2105 ‚
1961 2075 2032 2109 quae

1169 2111 1266 2162 perse
1283 2115 1384 2146 oritur
1407 2111 1556 2147 exlibero
1571 2109 1725 2151 arbitrie,
1747 2114 1892 2158 &gratia
1914 2114 1948 2145 δε
1967 2113 2030 2146 hoc

1170 2161 1272 2196 modo
1284 2163 1348 2196 dici
1364 2160 1468 2207 potest
1477 2159 1614 2195 liberum
1627 2159 1794 2194 arbitrium
1805 2158 1919 2195 elicere
1928 2162 2031 2194 astio-

1168 2223 1243 2245 nem
1259 2212 1369 2257 gratiae
1386 2212 1665 2248 concomitanter,
1682 2212 1713 2256 iu
1725 2209 1790 2251 est,
1815 2207 2030 2244 coefficiendo

1170 2272 1266 2294 vnam
1277 2260 1441 2294 aaronem
1450 2271 1524 2293 cum
1536 2257 1600 2293 illa.
1635 2259 1714 2293 Non
1728 2270 1835 2292 tamen
1847 2259 1969 2293 dicetur
1977 2260 2032 2293 da-

1168 2323 1200 2344 re
1211 2312 1319 2357 gratiae
1330 2307 1537 2343 efficientiam
1546 2306 1637 2343 suain
1646 2332 1657 2346 ‚
1666 2311 1742 2355 quia
1759 2307 1814 2342 illa
1826 2309 1912 2343 aetio
1936 2320 2032 2356 prout

1167 2358 1307 2394 efficitur
1318 2358 1335 2393 ἓι
1344 2360 1456 2406 gratia,
1467 2369 1534 2391 non
1544 2357 1589 2391 est
1599 2370 1635 2392 ex
1646 2356 1829 2395 causalitate
1839 2355 1933 2392 liberi
1949 2357 2033 2392 arbi-

1168 2410 1416 2455 trij‚quamusin
1425 2420 1457 2443 re
1473 2407 1558 2442 acrio
1570 2406 1623 2443 illa
1633 2419 1701 2442 non
1721 2406 1756 2442 sit
1769 2404 1834 2442 stne
1852 2404 2033 2442 causalitate

1167 2457 1408 2503 libetiarbiti·ij.
1541 2464 1542 2467 ’

1209 2509 1388 2554 Loquendo
1400 2518 1507 2542 autem
1518 2505 1686 2554 posteriori
1699 2507 1801 2541 modo
1816 2503 1877 2551 (fin
1891 2518 1958 2552 quo
1973 2518 2034 2539 nos

1169 2557 1333 2603 loquimur
1345 2569 1419 2592 cum
1434 2556 1635 2603 Augustino)
1647 2554 1687 2591 de
1699 2560 1797 2602 gratia
1819 2557 2034 2602 praeueniente

1168 2606 1301 2645 efficaci,
1312 2604 1353 2639 lic
1365 2605 1456 2640 nullo
1467 2607 1568 2640 modo
1581 2605 1677 2640 habet
1690 2607 1789 2653 gratia
1798 2603 1929 2638 alibero
1947 2602 2033 2637 arbi-

1168 2658 1229 2689 trio
1241 2654 1328 2690 suam
1340 2651 1560 2690 efficacitatem
1572 2681 1581 2695 ,
1591 2653 1642 2689 sed
1652 2652 1758 2702 potius
1770 2653 1833 2700 ipsa
1845 2654 1945 2700 gratia
1968 2650 2031 2685 ele-

1168 2716 1218 2739 uat
1235 2703 1373 2739 liberum
1386 2704 1606 2743 arbitrium&
1617 2705 1669 2738 dar
1681 2702 1728 2736 ilii
1738 2704 1886 2736 virtutem
1903 2701 2032 2747 agendi,

1168 2766 1264 2800 quam
1276 2756 1428 2789 virtutem
1441 2766 1477 2787 ex
1490 2751 1519 2788 se
1531 2777 1539 2792 ‚
1556 2758 1589 2788 &
1600 2766 1638 2786 cx
1647 2749 1845 2798 perfectione
1864 2748 1918 2784 sua
1931 2748 2028 2784 habet

1167 2802 1234 2837 talis
1246 2805 1356 2851 gratia.
1384 2805 1476 2850 Qia
1490 2802 1566 2836 vero
1575 2801 1644 2837 talis
1653 2802 1768 2848 gratia,
1787 2808 1946 2850 quatenus
1956 2796 2028 2834 effi-

1166 2864 1223 2886 cax
1235 2878 1245 2890 ,
1265 2865 1332 2886 non
1350 2851 1452 2886 solum
1470 2852 1550 2885 dicit
1569 2852 1720 2884 virtutem
1745 2848 1860 2894 agendi
1885 2870 1893 2885 ‚
1912 2846 1964 2882 led
1981 2849 2025 2882 ita

1166 2899 1281 2947 agendi
1298 2925 1305 2938 ,
1327 2912 1363 2935 vt
1387 2899 1600 2934 infallibiliter
1623 2896 1741 2932 habeat
1761 2896 1973 2931 coniunctam
1992 2909 2024 2930 a-

1165 2952 1326 2988 etionem,
1347 2949 1412 2982 hoc
1431 2961 1498 2982 nori
1524 2948 1619 2982 habet
1641 2946 1693 2979 illa
1703 2947 1804 2993 gratia
1823 2957 1861 2978 ex
1873 2942 1941 2980 sola
1959 2946 2023 2980 vir-

1168 3009 1235 3032 tute
1253 2997 1381 3045 physica
1398 3023 1406 3034 ‚
1428 2999 1464 3030 δε
1486 2995 1543 3030 sibi
1563 2994 1785 3034 connaturali,
1804 2991 1856 3028 sed
1869 2992 1966 3029 habet
1985 3007 2021 3029 ex

1167 3044 1478 3091 1n0d0.quodatur5
1493 3048 1565 3079 Deo
1581 3057 1618 3077 ex
1638 3042 1692 3077 tali
1704 3041 1883 3090 proposito,
1895 3045 1930 3077 &
1941 3055 2015 3091 prat-

1162 3095 1292 3130 scientia
1310 3096 1532 3128 conditionata
1544 3120 1552 3131 ‚
1564 3106 1626 3139 qua
1641 3095 1701 3126 iam
1711 3093 1898 3140 praetiiderat
1910 3117 1919 3131 ,
1932 3091 2020 3127 illam

1165 3147 1299 3193 gratiam
1322 3142 1503 3178 habituram
1514 3141 1682 3180 effectum,
1703 3141 1810 3176 sicum
1823 3140 1940 3175 talibus
1959 3143 2020 3175 cir-

1165 3194 1361 3229 cumstantiis
1379 3191 1515 3227 daretur.
1550 3194 1589 3226 Et
1611 3189 1685 3224 idco
1705 3192 1802 3225 etiam
1829 3191 1935 3236 quoad
1959 3191 2021 3225 hoc

1167 3243 1262 3277 habet
1280 3240 1456 3276 efficaciam
1478 3240 1517 3275 ab
1533 3238 1601 3287 ipso
1621 3242 1715 3279 Deo,
1735 3242 1883 3287 quamuis
1894 3252 1960 3274 non
1982 3239 2019 3274 fi-

1168 3305 1207 3326 nc
1224 3290 1367 3339 respectu
1388 3291 1426 3324 ad
1444 3289 1582 3324 liberum
1599 3288 1765 3324 arbitrium
1778 3313 1786 3328 ,
1807 3292 1839 3322 &
1861 3291 1906 3324 ita
1923 3291 2019 3324 'etiam

1168 3339 1258 3375 facile-
1280 3350 1366 3387 patet
1388 3340 1562 3374 concordia
1576 3364 1585 3378 ,
1607 3351 1682 3372 nam
1710 3338 1764 3373 ista
1793 3341 1894 3386 gratia
1918 3350 2019 3386 quana

1168 3391 1287 3425 tumuis
1313 3388 1446 3429 efficax,
1465 3398 1623 3433 quatenus
1650 3388 1844 3435 praeueniens
1869 3388 1934 3429 est,
1955 3401 2021 3422 non

1168 3439 1264 3473 habet
1292 3440 1540 3485 repugnantiam
1560 3435 1722 3484 physicam
1743 3449 1816 3470 cum
1829 3435 1963 3472 dissensu
1984 3437 2020 3474 li-

1165 3489 1232 3523 beri
1249 3485 1369 3533 arbitrij
1383 3514 1391 3529 ‚
1409 3500 1477 3535 quae
1498 3485 1666 3522 intrinsece
1681 3497 1717 3520 ex
1729 3484 1803 3534 ipsis
1822 3487 2023 3525 entitat'ibus,

2051 1035 2053 1044 ¹
2066 1014 2118 1035 tur.

2069 1609 2189 1637 notabile

1962 3563 2013 3598 seu

2048 653 2051 658 .
2067 601 2205 658 οωῖὲιῑο.

373 59 480 120 Cap.
498 58 557 100 X.
582 46 1007 100 Pl‘raedestinationem
1019 66 1112 96 non
1125 51 1199 95 ind
1207 68 1331 96 ucere
1346 50 1643 100 necessitatem
1655 55 1878 118 operandi.

2238 71 2244 96 Ι

2051 984 2052 994 2
2074 961 2228 1002 Respo‘de«

2094 1539 2220 1607 qiam

2068 1646 2220 1678 adhibetur.
